1556 2683
530 244 698 299 mima
751 260 799 299 v.
1192 263 1265 299 123

114 365 248 413 nisset,
277 372 367 404 ante
385 364 550 403 mediam
569 373 724 403 noctem
741 365 789 402 ad
809 370 938 415 portas
953 371 1164 402 castrorum
1180 365 1258 402 cla-

115 439 198 464 mor
217 427 395 472 oriretur,
416 440 492 477 quo
512 427 678 464 clamore
698 425 929 477 significatio
948 425 1145 472 victoriae,
1176 439 1263 476 gra-

114 488 328 539 tulatioque
357 489 404 526 ab
441 488 569 525 Remis
595 487 770 525 Labieno
801 486 924 524 fieret.
980 486 1067 524 Hac
1091 486 1189 524 fama
1213 487 1263 524 ad

115 548 296 587 Treviros
315 549 476 600 perlata,
510 549 814 594 Induciomarus,
842 547 905 598 qui
926 555 1081 599 postero
1100 548 1163 586 die
1182 560 1264 587 cas-

113 616 172 648 tra
187 610 349 647 Labieni
363 622 589 660 oppugnare
604 609 844 654 decreverat,
859 617 979 646 noctu
998 609 1182 659 profugit,
1199 622 1265 647 co-

112 671 272 722 piasque
293 684 425 709 omnes
458 671 496 708 in
527 671 706 708 Treviros
725 671 888 708 reducit.
942 670 1083 708 Caesar
1107 670 1264 708 Fabium

113 745 203 770 cum
222 733 375 782 legione
396 732 434 769 in
453 745 521 770 sua
536 732 697 770 remittit
716 731 900 769 hiberna:
927 732 1008 782 ipse
1029 744 1117 769 cum
1138 743 1190 768 111
1210 731 1265 769 le·-

112 792 290 843 gionibus
310 793 456 830 circum
478 792 783 830 Samarobrivam
803 792 912 830 trinis
929 793 1099 830 hibernis
1118 791 1263 830 hiema-

112 864 154 891 re
175 854 398 897 constituit3
437 862 490 900 et,
525 854 630 904 quod
655 854 751 891 tanti
783 862 908 891 motus
929 853 1080 891 Galliae
1105 853 1265 891 exstite-

111 922 213 961 rant,
228 922 350 953 totam
369 916 536 952 hiemem
558 915 638 967 ipse
657 916 703 952 ad
721 915 935 953 exercitum
953 928 1108 952 manere
1129 915 1263 952 decre-

111 976 179 1014 vit.
198 989 300 1022 nam,
314 977 378 1015 illo
394 977 637 1015 incommodo
653 978 701 1015 de
719 978 848 1014 Sabini
863 984 986 1014 morte
1001 977 1164 1026 perlato,
1180 989 1262 1013 om-

111 1051 181 1076 nes
197 1037 277 1076 fere
297 1038 447 1076 Galliae
467 1039 642 1076 civitates
663 1039 710 1076 de
730 1039 832 1076 bello
853 1039 1137 1081 consultabant,
1162 1051 1261 1075 nun-

114 1099 196 1137 cios
228 1099 518 1150 legationesque
539 1099 576 1136 in
596 1112 729 1137 omnes
755 1107 884 1151 partes
903 1100 1174 1140 dimittebant;
1211 1106 1264 1145 et,

109 1160 204 1211 quid
223 1160 359 1211 reliqui
379 1159 531 1198 consilii
550 1167 748 1210 caperent,
761 1168 877 1211 atque
891 1159 994 1197 unde
1015 1158 1162 1196 initium
1182 1159 1263 1196 bel-

110 1220 138 1258 li
157 1221 281 1267 fieret,
310 1221 579 1272 explorabant,
609 1228 875 1272 nocturnaque
909 1221 948 1257 in
978 1220 1073 1258 locis
1098 1219 1261 1257 desertis

110 1282 271 1320 consilia
284 1282 496 1319 habebant:
517 1294 643 1332 neque
659 1282 778 1320 ullum
790 1282 871 1319 fere
887 1282 1005 1319 totius
1018 1281 1152 1318 hiemis
1166 1289 1263 1319 tem-

109 1357 181 1395 pus
210 1343 290 1381 sine
321 1342 584 1380 sollicitudine
616 1343 792 1380 Caesaris
820 1343 1051 1388 intercessit,
1083 1344 1175 1393 quin
1194 1342 1261 1380 ali-

108 1418 223 1456 quem
242 1405 293 1442 de
313 1404 482 1441 consiliis
501 1417 548 1441 ac
567 1412 675 1441 motu
691 1404 892 1442 Gallorum
904 1406 1089 1442 nuncium
1109 1405 1262 1455 accipe-

109 1473 183 1504 ret.
236 1466 283 1503 In
302 1465 361 1502 his
380 1466 428 1502 ab
448 1464 495 1502 L.
517 1465 659 1502 Roscio
679 1465 821 1515 legato,
855 1479 969 1516 quem
1002 1466 1147 1516 legioni
1176 1478 1261 1503 x111

109 1528 365 1579 praefecerat,
398 1526 540 1564 certior
560 1534 618 1564 est
635 1526 776 1572 factm,
797 1540 954 1577 magnas
970 1526 1172 1565 Gallorum
1194 1541 1260 1565 co-

109 1589 192 1641 pias
212 1601 342 1626 earum
374 1587 587 1633 civitatum,
615 1600 714 1638 quae
746 1588 972 1626 Armoricae
1003 1589 1261 1639 appellantur,

109 1649 357 1702 oppugnandi
388 1649 446 1686 sui
479 1662 615 1687 caussa
648 1649 897 1686 convenisse:
946 1662 1072 1700 neque
1104 1650 1258 1700 longius

112 1712 232 1750 millia
249 1724 428 1762 passuum
449 1722 512 1747 nx
530 1711 577 1747 ab
593 1711 763 1748 hibernis
778 1711 856 1748 suis
875 1710 1035 1750 affiisse:
1059 1712 1140 1756 sed,
1162 1725 1260 1749 nun-

107 1775 170 1813 cio
185 1774 299 1812 allato
315 1773 362 1810 de
383 1772 545 1810 victoria
558 1771 748 1817 Caesaris,
769 1772 1005 1818 discessisse,
1021 1772 1118 1809 adeo
1139 1780 1181 1810 ut
1199 1771 1258 1810 fu-

105 1849 179 1887 gae
198 1835 329 1873 similis
348 1833 537 1871 discessus
556 1833 763 1871 videretur.

158 1896 264 1934 LIV.
320 1896 375 1933 At
395 1896 551 1940 Caesar,
571 1895 809 1944 principibus
822 1896 1008 1946 cujusque
1023 1894 1190 1933 civitatis
1208 1895 1260 1933 ad

105 1969 148 1995 se
167 1955 352 2001 evocatis,
373 1954 464 1992 alias
484 1954 711 2000 territando,
732 1968 850 2005 quum
869 1968 909 1992 se
930 1955 1043 2000 scire,
1072 1968 1170 2006 quae
1190 1955 1258 1994 fie-

106 2025 207 2064 rent,
227 2016 494 2062 denunciaret,
514 2016 605 2053 alias
626 2016 880 2062 cohortando,
901 2030 1079 2068 magnam
1108 2025 1258 2068 partem

106 2079 258 2117 Galliae
273 2077 312 2115 in
327 2077 452 2115 officio
468 2078 604 2114 tenuit.
647 2078 792 2115 'samen
811 2078 997 2125 Senones,
1018 2091 1116 2130 quae
1131 2086 1189 2116 est
1204 2079 1258 2117 ci-

105 2140 203 2178 vitas
222 2140 262 2177 in
280 2139 412 2191 primis
430 2139 554 2185 firma,
581 2146 621 2177 et
639 2152 801 2190 magnae
817 2139 918 2178 inter
937 2140 1071 2178 Gallos
1090 2141 1258 2178 auctori-

106 2202 209 2248 tatis,
229 2200 476 2246 Cavarinum,
509 2213 624 2251 quem
645 2200 787 2238 Caesar
805 2201 909 2252 apud
928 2214 994 2239 eos
1014 2214 1146 2253 regem
1165 2215 1258 2240 con-

105 2263 295 2308 stituerat,
332 2261 463 2313 (cujus
480 2261 601 2298 frater
635 2260 873 2312 Moritasgus
893 2262 1061 2300 adventu
1093 2263 1130 2300 in
1164 2262 1258 2301 Gal—
1316 2270 1319 2273 “

104 2322 195 2364 liam
211 2322 401 2371 Caesaris,
414 2324 602 2374 quusque
617 2324 782 2374 majores
793 2335 957 2375 regnum
970 2322 1254 2375 obtinuerant‚)
