1556 2683
254 188 302 226 76
560 187 635 223 DE
677 188 857 223 BELLO
897 187 1141 225 GALLICO

247 301 330 325 esse
351 287 566 326 Germanos
598 290 788 327 audiebat.
828 303 850 327 a
869 291 1006 340 quibus
1036 302 1152 340 quum
1183 301 1395 339 paucorum

246 349 393 386 dierum
423 350 494 387 iter
513 351 678 396 abesset,
708 351 826 401 legati
845 352 892 388 ab
912 352 970 388 his
995 357 1196 394 venerunt,
1231 363 1394 399 quorum

245 411 342 447 haec
362 411 434 448 fuit
449 411 591 449 oratio:
620 412 834 449 Germanos
851 425 976 462 neque
992 413 1136 463 priores
1153 412 1295 462 populo
1317 412 1396 448 Ro-

246 485 359 509 mano
379 473 521 509 bellum
541 473 701 517 inferre;
720 486 845 524 neque
865 481 992 510 tamen
1013 486 1205 518 recusare,
1225 473 1255 509 si
1275 473 1397 510 laces-

245 541 391 579 santur,
423 534 514 584 quin
545 535 659 572 armis
691 536 940 578 contendant,
975 535 1078 585 quod
1112 534 1396 571 Germanorum

244 596 485 632 consuetudo
504 595 601 633 haec
621 596 682 641 sit,
713 609 734 632 a
753 597 959 645 majoribus
985 595 1139 641 tradita,
1160 595 1394 645 quicumque

243 655 387 692 bellum
408 655 588 701 inferant,
608 657 800 702 resistere,
821 671 945 708 neque
966 657 1189 708 deprecari:
1223 657 1320 694 haec
1340 664 1397 693 ta-

243 729 332 753 men
354 717 498 763 dicere,
528 719 677 757 venisse
697 719 850 764 invitos,
870 721 1017 768 ejectos
1037 719 1164 755 domo.
1222 718 1261 754 Si
1288 730 1395 754 suam

245 777 407 827 gratiam
438 779 600 817 Romani
621 781 752 826 velint,
785 794 898 830 posse
918 781 972 817 eis
991 779 1105 816 utiles
1125 792 1207 816 esse
1228 779 1370 816 amieos
1387 793 1397 815 ε

245 839 305 875 ν61
319 839 388 876 sibi
401 853 512 891 agros
525 841 751 888 attribuant,
767 842 826 878 vel
847 842 1041 891 patiantur
1055 854 1118 878 eos
1135 848 1281 886 tenere,
1302 853 1398 890 quos

244 901 359 938 armis
378 902 637 951 possederint:
657 916 741 941 sese
755 904 839 940 unis
855 903 988 940 Suevis
1008 903 1238 947 concedere,
1259 902 1399 951 quibus

243 975 293 1000 ne
305 963 356 999 dii
373 963 526 1014 quidem
543 955 778 1001 immortales
793 977 904 1014 pares
921 977 1003 1000 esse
1019 963 1188 1013 possint:
1207 962 1397 1012 reliquum

244 1024 399 1074 quidem
429 1025 467 1061 in
489 1026 598 1062 terris
623 1039 705 1063 esse
737 1026 944 1071 neminem,
975 1038 1088 1075 quem
1108 1037 1184 1061 non
1216 1035 1398 1073 superare

241 1086 401 1136 possint.

297 1147 408 1185 VIII.
465 1150 528 1187 Ad
547 1151 643 1188 haee
660 1152 815 1195 Caesar,
836 1162 933 1200 quae
953 1149 1072 1185 visum
1094 1156 1164 1192 est,
1186 1147 1398 1197 respondit.

243 1209 312 1246 sed
338 1210 463 1247 exitus
483 1211 555 1248 fuit
576 1212 781 1249 orationis:
820 1211 898 1247 Sibi
920 1210 1062 1247 nullam
1083 1223 1170 1246 cum
1190 1209 1248 1245 his
1267 1208 1398 1245 amici-

244 1270 337 1307 tiam
354 1284 436 1308 esse
456 1285 581 1322 posse,
603 1274 632 1309 si
646 1274 682 1309 in
701 1273 826 1310 Gallia
842 1278 1098 1309 remanerent.
1123 1282 1249 1320 neque
1265 1283 1397 1306 verum

246 1344 343 1375 esse,
365 1334 429 1379 qui
449 1347 537 1371 suos
556 1335 651 1371 fines
672 1335 770 1372 tueri
791 1348 867 1371 non
887 1333 1097 1384 potuerint,
1119 1332 1263 1368 alienos
1283 1344 1398 1368 occu-

242 1416 358 1454 pare:
379 1414 504 1452 neque
526 1397 621 1433 ullos
638 1397 675 1432 in
697 1395 823 1432 Gallia
838 1407 975 1431 vacare
990 1406 1116 1443 agros,
1137 1392 1201 1442 qui
1217 1392 1298 1428 dari
1314 1399 1397 1428 tan-

242 1473 305 1502 tae
320 1462 544 1514 manseram
565 1456 801 1496 multitudini
822 1455 904 1492 sine
924 1455 1060 1503 injuria
1079 1453 1248 1503 possint:
1271 1453 1338 1490 sed
1352 1452 1397 1488 li-

243 1540 345 1564 cere.
369 1527 398 1562 si
412 1525 543 1567 velint,
566 1522 603 1558 in
625 1519 815 1558 Ubiorum
830 1516 968 1553 finibus
990 1515 1214 1558 considere3
1235 1528 1397 1565 quorum

242 1589 317 1625 sint
334 1587 450 1636 legati
467 1584 569 1634 apud
586 1596 639 1627 se,
660 1588 699 1617 et
715 1580 762 1616 de
781 1578 994 1616 Suevorum
1009 1576 1156 1625 injuriis
1173 1583 1396 1626 querantur,

243 1657 282 1687 et
301 1662 322 1686 a
342 1661 382 1685 se
403 1646 588 1685 auxilium
610 1648 754 1693 petant.
794 1639 884 1675 Hoc
904 1651 944 1675 se
959 1638 1006 1674 ab
1026 1636 1071 1672 iis
1091 1636 1400 1686 impetraturum.

296 1711 365 1747 IX.
420 1707 559 1754 Legati
579 1706 675 1741 baec
689 1716 729 1739 se
744 1701 792 1738 ad
806 1713 894 1737 suos
914 1699 1102 1735 relaturos
1122 1698 1326 1741 dixerunt3
1345 1705 1398 1743 et,

241 1786 283 1810 re
303 1771 528 1813 deliberata,
563 1774 649 1817 post
670 1765 770 1801 diem
791 1762 946 1799 tertium
967 1761 1014 1797 ad.
1044 1760 1249 1796 Caesarem
1270 1772 1397 1796 rever-

241 1846 372 1871 suros:
411 1833 561 1868 interea
581 1842 629 1865 ne
658 1825 813 1876 propius
834 1836 873 1859 se
908 1829 1033 1859 castra
1060 1829 1244 1865 moveret,
1277 1820 1398 1870 petie-

241 1904 344 1933 runt.
400 1894 460 1930 Ne
490 1893 528 1928 id
559 1889 713 1941 quidem
748 1886 889 1923 Caesar
919 1884 965 1919 ab
995 1895 1036 1919 se
1064 1882 1259 1932 impetrari
1287 1894 1399 1932 posse

242 1957 367 1994 dixit:
393 1959 628 2005 cognoverat
644 1949 760 1992 enim,
781 1959 958 1994 magnam
980 1952 1127 1994 partem
1145 1942 1335 1993 equitatus
1351 1943 1399 1980 ab

241 2018 286 2055 iis
323 2018 468 2067 aliquot
507 2015 641 2051 diebus
676 2016 780 2053 ante,
818 2006 1027 2057 praedandi
1059 2004 1398 2053 frumentandique

242 2092 390 2124 caussa,
425 2078 473 2114 ad
497 2072 756 2113 Ambivaritos
777 2078 881 2106 trans
902 2067 1054 2103 Mosam
1087 2065 1252 2102 missam.
1311 2065 1397 2101 Hos

239 2137 457 2189 exspectari
480 2136 642 2186 equites,
664 2141 779 2182 atque
796 2131 877 2179 ejus
892 2128 946 2165 rei
963 2139 1097 2164 caussa
1112 2138 1256 2163 moram
1277 2125 1395 2161 inter-

242 2201 347 2252 poni,
368 2199 637 2237 arbitrabatur.

294 2263 342 2298 X.
397 2261 511 2299 Mosa
530 2256 688 2309 profluit
708 2268 757 2293 ex
778 2259 910 2290 monte
931 2251 1101 2301 Vosego,
1134 2249 1197 2299 qui
1219 2254 1276 2285 est
1297 2248 1336 2284 in
1354 2247 1392 2284 fi-
