1556 2683
528 237 692 276 LIBER
747 238 815 276 V1.
848 207 851 210 Δ
1176 244 1246 280 131

112 355 201 380 men
220 341 392 388 eliceret,
411 341 546 380 eadem
565 354 653 380 usus
665 340 905 379 simulatione
923 340 1083 389 itineris,
1099 342 1250 394 placide

113 403 444 455 progrediebatur.
498 402 612 448 Tum,
644 403 862 453 praemissis
890 403 1058 453 paullum
1091 404 1251 454 impedi-

113 463 266 508 mentis,
297 469 412 512 atque
431 462 469 498 in
488 463 636 500 tumulo
655 463 820 513 quodam
839 463 1049 510 collocatis,
1071 463 1252 510 Habetis,

112 524 250 574 inquit,
269 523 422 568 milites,
447 535 560 573 quam
580 523 731 574 petistiS
750 523 992 561 facultatem:
1014 524 1163 562 hostem
1183 525 1252 562 im-

111 584 244 636 pedito
272 591 388 634 atque
413 584 544 634 iniquo
573 584 658 622 loco
677 584 840 623 tenetis:
878 593 1070 636 praestate
1090 586 1252 625 eandem

109 646 221 684 nobis
240 645 401 683 ducibus
420 645 614 691 virtutem,
647 658 761 696 quam
792 658 1070 696 saepenumero
1090 647 1253 698 impera-

109 707 184 746 tori
203 706 468 757 praestitistis:
505 706 639 744 adesse
664 718 766 752 eum,
797 715 836 745 et
855 707 950 744 haec
970 719 1098 744 coram
1119 721 1253 746 cerne-

110 781 166 814 re,
186 767 415 805 existimate.
471 767 591 804 Simul
620 767 729 818 signa
760 767 808 804 ad
828 767 978 804 hostem
1008 769 1195 815 converti,
1214 782 1254 807 a·

111 829 288 878 ciemque
307 828 433 878 dirigi,
455 828 590 877 jubet;
621 835 674 874 et,
693 829 825 879 paucis
843 829 978 866 turmis
996 829 1186 879 praesidio
1205 831 1255 868 ad

109 889 383 940 impedimenta
413 888 588 933 dimissis,
619 888 786 938 reliquos
805 889 954 939 equites
972 890 1021 926 ad
1038 890 1160 928 latera
1179 891 1254 930 dis-

108 949 230 1001 ponit.
284 948 475 986 Celeriter
494 948 629 994 nostri,
649 947 815 985 clamore
835 949 999 995 sublato,
1019 950 1096 1000 pila
1110 951 1148 988 in
1167 952 1254 989 hos-

109 1018 167 1048 tes
187 1009 412 1046 immittunt.
466 1009 542 1055 Illi,
571 1008 635 1046 ubi
666 1016 820 1059 praeter
838 1022 960 1059 spem,
994 1023 1089 1060 quos
1119 1012 1255 1063 fugere

110 1070 335 1116 credebant,
355 1069 503 1107 infestis
522 1070 641 1120 signis
661 1069 710 1106 ad
728 1082 769 1107 se
788 1069 842 1106 ire
862 1069 1054 1116 viderunt,
1069 1071 1256 1122 impeturn

108 1131 224 1169 modo
242 1131 344 1168 ferre
364 1143 441 1169 non
460 1138 695 1181 potuerunt;
716 1143 776 1176 ac,
796 1131 920 1181 primo
936 1144 1128 1170 concursu
1141 1134 1179 1170 in
1198 1134 1257 1171 fu-

108 1205 198 1244 gam
218 1191 402 1243 conjecti‚
422 1191 617 1242 proximas
632 1191 744 1229 silvas
755 1192 975 1242 petierunt:
1001 1205 1095 1243 quos
1115 1193 1257 1232 Labie-

107 1266 180 1291 nus
200 1253 374 1304 equitatu
394 1260 656 1299 consectatus,
693 1265 834 1303 magno
855 1265 1013 1290 numero
1035 1253 1257 1303 interfecto,

107 1314 371 1366 compluribus
391 1313 528 1364 captis,
564 1314 697 1365 paucis
716 1323 803 1364 post
821 1314 956 1351 diebus
985 1314 1177 1353 civitatem
1198 1329 1259 1354 re-

106 1375 225 1426 cepit.
252 1387 340 1412 nam
360 1375 560 1421 Germani,
580 1375 645 1426 qui
671 1375 814 1412 auxilio
833 1375 1053 1421 veniebant,
1073 1384 1258 1428 percepta

106 1437 356 1475 Trevirorum
376 1436 482 1487 fuga,
502 1449 586 1474 sese
606 1436 764 1474 domum
784 1436 1044 1473 contulerunt.
1100 1438 1197 1475 Cum
1213 1438 1258 1475 iis

107 1497 314 1549 propinqui
333 1497 608 1543 Induciomari,
645 1498 710 1548 qui
729 1497 959 1535 defectionis
979 1505 1156 1536 auctores
1175 1499 1260 1539 fue·

107 1567 208 1605 rant,
229 1559 402 1597 comitati
416 1571 496 1605 eos,
516 1571 567 1597 ex
580 1558 735 1596 civitate
750 1571 967 1596 excessere.
1002 1559 1260 1612 Cingetorigi,

107 1633 222 1672 quem
238 1621 285 1658 ab
305 1620 415 1658 initio
434 1620 688 1671 permansisse
708 1619 747 1656 in
763 1619 885 1657 officio
901 1619 1261 1669 demonstravimus,

107 1681 347 1732 principatus
366 1688 482 1732 atque
502 1681 706 1732 imperium
725 1688 784 1718 est
803 1680 1001 1720 traditum.

159 1743 232 1780 IX.
288 1743 445 1789 Caesar,
475 1750 679 1794 postquam
710 1755 760 1780 ex
781 1741 976 1792 Menapiis
1009 1743 1047 1780 in
1081 1743 1262 1783 Treviros

108 1803 229 1851 venit,
262 1804 411 1841 duabus
431 1805 479 1842 de
498 1804 641 1842 caussis
659 1804 840 1842 Rhenum
855 1803 1019 1841 transire
1035 1804 1236 1843 constituit
1250 1818 1262 1842 t

109 1877 273 1916 quarum
292 1873 376 1903 erat
395 1866 529 1911 altera,
562 1865 668 1917 quod
687 1865 832 1902 auxilia
864 1872 1000 1902 contra
1017 1878 1058 1903 se
1093 1866 1262 1904 Treviris

108 1927 313 1971 miserant;
347 1927 482 1973 altera,
512 1940 561 1964 ne
581 1926 789 1964 Ambiorix
819 1926 868 1963 ad
888 1937 957 1963 eos
976 1933 1176 1977 receptum
1195 1927 1263 1964 ha-

109 1988 232 2027 beret.
286 1978 361 2025 His
382 1988 602 2026 constitutis
617 1988 744 2034 rebus,
775 1987 945 2038 paullum
965 2000 1082 2038 supra
1099 2001 1187 2025 eum
1205 1988 1262 2026 lo-

110 2061 213 2095 cum,
250 2062 327 2100 quo
347 2050 437 2087 ante
457 2049 674 2087 exercitum
698 2048 985 2094 transduxerat,
1017 2048 1147 2087 facere
1166 2062 1263 2100 pon-

112 2117 190 2147 tem
209 2109 388 2147 instituit.
455 2109 561 2147 Nota
589 2117 706 2160 atque
726 2109 902 2146 instituta
921 2110 1084 2156 ratione,
1121 2123 1262 2161 magno

110 2171 275 2208 rnilitum
295 2171 436 2217 studio,
455 2171 590 2222 paucis
608 2171 760 2217 diebus,
793 2184 888 2221 opus
907 2170 1081 2209 efficitur.
1136 2171 1264 2211 Firmo

112 2232 152 2269 in
172 2231 340 2269 Treviris
353 2231 545 2282 praesidio
565 2232 614 2270 ad
631 2239 790 2283 pontem
810 2232 961 2280 relicto,
981 2245 1029 2270 ne
1049 2233 1134 2284 quis
1151 2233 1199 2271 ab
1218 2234 1264 2271 iis

115 2292 243 2332 subito
261 2300 387 2332 motus
412 2293 599 2339 oriretur3
628 2292 792 2344 reliquas
822 2292 953 2345 copias
970 2295 1264 2347 equitatumque

1552 2198 1553 2205 ⁴
1552 2159 1553 2166 ⁴
1551 2110 1556 2139 >-
1552 2080 1554 2086 -
1551 1994 1556 2060 *—..
1538 1758 1556 1968 ..ϋᾞ-θΣ-ᾼᾼ
1552 1703 1553 1706 Α
1550 1656 1551 1659 Α
