1556 2683
516 219 682 258 LIBER
737 219 824 258 viI.
1196 225 1265 261 169

114 326 289 374 spectum
317 323 570 361 multitudinis
591 324 766 375 fugerat:
797 325 958 375 plusque
987 325 1114 362 animo
1134 325 1259 376 provi-

113 384 203 421 dere
224 391 262 420 et
289 384 522 434 praesentire
549 385 854 429 existimabatur,
883 384 999 434 quod,
1030 396 1070 421 re
1101 384 1262 433 integra,

110 444 234 494 primo
248 444 531 482 incendendum
548 446 770 491 Avaricum,
784 453 870 496 post
884 445 1155 489 deserendum,
1172 457 1262 482 cen-

112 512 253 542 suerat.
307 505 457 556 Itaque,
488 514 529 543 ut
557 507 792 556 reliquorum
823 506 1096 556 imperatorum
1116 517 1175 541 res
1195 505 1260 541 ad-

111 579 243 602 versae
269 567 539 605 auctoritatem
559 568 750 614 minuunt,
783 568 838 604 sic
858 568 969 616 liujus
989 579 1038 603 cx
1069 566 1261 603 contrario

110 627 290 676 dignitas,
310 628 554 665 incommodo
574 637 750 679 accepto,
778 630 815 665 in
836 628 916 665 dics
936 628 1161 678 augebatur.
1203 627 1260 664 Si·

110 687 187 724 mul
210 688 247 724 in
274 701 381 738 spem
412 689 617 726 veniebant
639 691 720 739 ejus
752 690 1001 727 affirmatione
1021 689 1069 726 de
1105 688 1260 738 reliquis

107 748 363 799 adjungendis
384 749 620 787 civitatibus:
640 751 882 801 primumque
901 763 947 787 eo
963 758 1137 799 tempore
1155 748 1259 786 Galli

108 817 235 848 castra
250 811 398 848 munire
415 812 679 850 instituerunt:
700 819 740 849 et
759 813 814 849 sic
833 821 922 849 sunt
941 812 1068 849 animo
1089 819 1261 849 con-ster-

108 871 202 915 nati,
222 871 397 909 homines
416 872 556 909 insueti
576 872 731 919 laboris,
752 880 793 910 ut
812 872 953 917 omnia,
980 885 1078 922 quae.
1099 872 1260 922 impera-

108 940 255 978 rentur,
276 932 347 969 sibi
366 933 547 982 patienda
562 941 600 970 et
619 934 848 984 perferenda
867 934 1144 971 existimarent.

161 992 309 1029 XXXI.
365 992 449 1029 Nec
469 994 608 1040 minus,
637 1007 751 1045 quam
771 1002 830 1031 est
858 994 1066 1044 pollicitus,
1098 993 1261 1031 Vercin—

107 1055 259 1104 getorix
280 1054 408 1090 animo
440 1053 653 1101 laborabat,
688 1063 729 1092 ut
748 1056 913 1106 reliquas
933 1055 1107 1093 civitates
1126 1056 1261 1105 adjun-

104 1122 228 1165 geret,
257 1123 373 1165 atque
393 1127 523 1152 earum
548 1115 741 1166 principes
762 1116 872 1153 donis
899 1115 1260 1166 pollicitationibus-

104 1189 179 1226 que
198 1175 403 1213 alliciebat.
449 1175 556 1213 Huic
578 1177 633 1213 rei
662 1177 822 1214 idoneos
849 1177 1024 1214 homines
1050 1176 1260 1226 deligebat,

104 1251 265 1288 quorum
287 1236 448 1287 quisque
477 1244 543 1274 aut
572 1238 746 1275 oratione
775 1238 949 1284 subdola,
981 1245 1047 1275 aut
1075 1238 1258 1285 amicitia,

102 1299 284 1337 facillime
305 1297 391 1348 capi
410 1306 554 1348 posset.
610 1300 701 1346 Qui,
731 1300 901 1337 Avarico
928 1307 1167 1350 expugnato,
1200 1312 1260 1337 re-

103 1362 299 1411 fugerant,
326 1360 529 1397 armandos
549 1360 845 1411 vestiendosque
874 1368 997 1398 curat.
1052 1360 1188 1406 Simul,
1217 1369 1260 1399 ut

105 1422 328 1460 deminutae
363 1421 498 1471 copiae
526 1422 897 1473 redintegrarentur,
926 1422 1090 1472 imperat
1109 1430 1260 1460 certum

104 1497 306 1522 numerum
322 1481 484 1522 militum
499 1485 730 1529 civitatibus,
744 1497 858 1534 quem
874 1490 913 1522 et
929 1497 1041 1534 quam
1055 1492 1144 1522 ante
1157 1484 1261 1522 diem

103 1545 142 1582 i'n
163 1553 289 1583 castra
308 1548 449 1586 adduci
469 1547 581 1589 velit;
610 1546 905 1596 sagittariosque
925 1558 1072 1590 omnes,
1093 1558 1258 1596 quorum

102 1614 185 1644 erat
203 1621 437 1660 permagnus
457 1609 495 1645 in
516 1608 643 1646 Gallia
662 1620 857 1652 numeruS,
884 1606 1073 1657 conquiri,
1094 1614 1133 1644 et
1149 1607 1197 1644 ad
1215 1621 1257 1645 se

103 1668 218 1715 mitti,
234 1670 358 1719 jubet.
389 1670 463 1707 His
482 1671 596 1708 rebus
616 1669 794 1707 celeriter
813 1668 866 1714 id,
887 1668 993 1719 quod
1013 1668 1170 1705 Avarici
1189 1669 1257 1706 de-

103 1730 284 1780 perierat,
305 1732 496 1782 expletur.
543 1730 703 1768 Interim
726 1729 996 1774 Teutomatus,
1017 1726 1257 1767 Olloviconis

101 1791 214 1838 filius‚
238 1805 307 1829 rex
331 1792 605 1842 Nitiobrigum,
634 1793 745 1841 cujus
763 1798 873 1842 pater
892 1791 940 1828 ab
960 1797 1098 1828 senatu
1122 1799 1254 1829 nostro

98 1852 245 1891 amicus
265 1862 348 1892 erat
373 1855 599 1905 appellatus,
630 1866 716 1891 cum
737 1865 878 1903 niagno
897 1852 1070 1903 equitum
1099 1865 1258 1891 suorum

100 1927 276 1961 numero,
306 1923 345 1952 et
365 1928 460 1966 quos
480 1928 529 1952 ex
558 1914 768 1966 Aquitania
800 1913 1058 1960 conduxerat,
1091 1915 1140 1952 ad
1167 1928 1259 1952 eum·

102 1976 289 2026 pervenit.

152 2036 322 2075 XXXII.
377 2038 534 2084 Caesar,
567 2037 723 2075 Avarici
745 2037 962 2087 complures
981 2036 1063 2073 dies
1083 2049 1254 2074 commo-

98 2109 216 2146 ratus,
249 2113 515 2150 summamque
552 2100 605 2137 ibi
639 2099 792 2150 copiam
822 2098 1007 2136 frumenti
1040 2105 1079 2135 et
1116 2099 1254 2149 reliqui

104 2170 343 2199 commeatus
362 2169 514 2208 nactus,
535 2161 750 2199 exercitum
770 2174 820 2198 ex
839 2161 972 2198 labore
991 2167 1108 2210 atque
1126 2159 1260 2210 inopia

100 2224 249 2262 refecit.
303 2224 390 2262 Jam
411 2236 531 2275 prope
551 2223 678 2260 hieme
699 2222 893 2267 confecta,
926 2234 1044 2272 quum
1062 2220 1145 2271 ipso
1165 2221 1256 2258 anni

99 2292 273 2336 tempore
288 2285 337 2323 ad
352 2285 565 2336 gerendum
585 2285 730 2323 bellum
749 2290 967 2331 vocaretur,
987 2289 1027 2321 et
1041 2282 1090 2321 ad
1103 2282 1259 2321 hostem

177 2346 287 2383 ΤοΜ.
318 2346 349 2383 I.
703 2344 741 2382 Y

1543 1803 1556 1829 vi
