1556 2683
267 236 318 271 (56
576 234 650 271 DE
692 233 870 270 BELLO
911 233 1156 271 GALLICO

266 342 479 374 castrorum
494 337 624 374 hostes
641 337 828 374 accedere
845 336 1046 373 auderent.
1100 336 1147 372 Id
1162 348 1206 373 ea
1218 336 1266 374 de
1282 348 1414 374 caussa

267 397 445 444 faciebat,
477 398 580 448 quod
601 411 688 435 cum
708 404 815 434 tanta
833 397 1079 435 multitudine
1098 397 1280 443 hostium,
1304 411 1413 448 prae-

263 458 392 495 sertim
412 472 458 495 eo
479 459 651 503 absente,
678 458 741 508 qui
762 470 946 494 summam
977 457 1126 507 imperii
1147 464 1310 502 teneret,
1342 455 1415 493 nisi

263 532 386 569 aequo
406 520 507 565 loco,
538 526 604 556 aut
625 519 918 569 opportunitate
939 518 1069 569 aliqua
1087 518 1191 564 data,
1210 519 1339 569 legato
1358 517 1414 555 di-

262 580 481 617 micandum
501 594 576 617 non
597 580 853 618 existimabat.

314 641 463 677 XVssI.
519 641 605 678 Hac
620 641 844 678 confirmata
858 640 1039 691 opinione
1055 640 1215 686 timoris,
1231 640 1411 678 idoneum

260 703 449 752 quendam
480 701 673 739 hominem
706 709 745 739 et
765 701 945 740 callidum
967 701 1128 752 delegit,
1161 701 1328 747 Gallum,
1361 715 1411 739 ex

259 763 316 800 his
337 776 431 813 quos
447 762 577 800 auxilii
599 775 730 800 caussa
750 775 881 799 secum
897 762 1077 799 habebat.
1132 762 1238 800 Huic
1258 764 1408 813 magnis

255 824 434 874 praemiis
453 823 869 874 pollicitationibusque
888 822 1106 872 persuadet,
1127 823 1181 860 uti
1202 824 1249 861 ad
1269 824 1400 861 hostes

258 891 449 922 transeat:
486 891 537 930 et,
569 883 660 934 quid
679 884 761 921 fieri
780 884 890 930 velit,
919 884 1070 922 edocet.
1124 884 1201 926 Qui
1235 885 1300 922 ubi
1336 897 1406 935 pro

256 944 419 994 perfuga
438 944 486 981 ad
512 957 577 981 eos
610 944 729 990 venit,
762 944 939 980 timorem
973 943 1235 981 Romanorum
1267 956 1408 994 propo-

254 1006 333 1042 nit:
354 1005 491 1056 quibus
511 1004 696 1055 angustiis
716 1004 796 1054 ipse
817 1004 959 1041 Caesar
978 1016 1000 1041 a
1015 1003 1174 1041 Venetis
1193 1011 1404 1054 prematur,

256 1066 395 1110 docet余
428 1079 554 1117 neque
586 1065 739 1116 longius
771 1065 919 1109 abesse,
957 1064 1048 1114 quin
1080 1064 1258 1115 proxima
1290 1071 1407 1102 nocte

257 1127 420 1165 Sabinus
434 1128 531 1165 clam
548 1142 597 1166 ex
617 1127 750 1164 castris
770 1127 984 1164 exercitum
1005 1125 1159 1172 educat,
1180 1133 1219 1162 et
1238 1126 1288 1163 ad
1305 1126 1402 1163 Cae-

254 1202 378 1226 sarem
398 1189 530 1226 auxilii
550 1189 696 1226 ferendi
717 1200 852 1225 caussa
870 1187 1148 1238 proficiscatur.
1203 1186 1318 1229 Quod
1339 1187 1405 1224 ubi

255 1249 427 1287 auditum
456 1257 528 1295 est,
559 1249 802 1287 conclamant
825 1260 970 1293 omnes,
1002 1249 1242 1285 occasionem
1262 1247 1410 1298 negotii

251 1311 351 1348 bene
371 1310 531 1360 gerendi
551 1310 801 1347 amittendam
827 1321 903 1345 non
925 1321 1033 1351 esse余
1067 1309 1115 1345 ad
1135 1316 1260 1346 castra
1289 1309 1335 1345 iri
1365 1323 1408 1347 o-

252 1378 420 1421 portere.
475 1371 626 1408 Multae
656 1383 716 1407 res
736 1370 785 1406 ad
804 1369 878 1406 hoc
899 1369 1099 1406 consilium
1121 1369 1253 1406 Gallos
1274 1370 1406 1407 horta-

251 1433 416 1469 bantur:
448 1432 688 1483 superiorum
708 1432 855 1468 dierum
877 1430 1008 1468 Sabini
1029 1430 1249 1475 cunctati03
1271 1431 1402 1481 perfu-

252 1506 325 1543 gae
348 1494 610 1537 confirmati03
632 1492 760 1544 inopia
780 1492 1027 1537 cibariorum,
1048 1491 1108 1528 cui
1130 1492 1181 1528 rei
1198 1504 1331 1542 parum
1352 1493 1407 1530 di-

252 1556 418 1606 ligenter
438 1556 485 1593 ab
506 1555 551 1592 iis
572 1561 654 1592 erat
674 1553 890 1605 provisum余
922 1565 1009 1603 spes
1025 1552 1203 1592 Venetici
1221 1554 1337 1598 belli余
1369 1562 1409 1592 et

253 1617 358 1667 quod
377 1616 458 1654 fere
479 1616 643 1653 libenter
674 1614 849 1652 homines
869 1614 921 1660 id,
942 1614 1045 1664 quod
1059 1614 1207 1660 volunt,
1228 1616 1406 1654 credunt.

250 1678 327 1715 His
347 1678 460 1715 rebus
481 1677 653 1723 adducti,
669 1690 744 1713 non
766 1675 870 1727 prius
885 1675 1145 1713 Viridovicem
1161 1676 1404 1728 reliquosque

252 1739 370 1777 duces
391 1751 439 1776 ex
474 1738 634 1776 consilio
654 1738 866 1783 dimittunt,
887 1750 1000 1787 quam
1028 1737 1075 1774 ab
1095 1737 1152 1773 his
1173 1737 1219 1775 sit
1240 1751 1401 1776 conces-

251 1813 349 1846 sum,
369 1812 474 1837 arma
493 1799 548 1837 uti
569 1800 722 1849 capiant
743 1806 781 1836 et
800 1799 849 1835 ad
869 1805 993 1835 castra
1013 1800 1261 1837 contendant.
1316 1801 1403 1842 Qua

249 1873 291 1897 re
326 1872 523 1905 concessa,
555 1860 660 1906 laeti,
694 1867 736 1897 ut
765 1859 968 1909 explorata
1000 1859 1172 1906 victoria,
1203 1862 1404 1899 sarmentis

247 1921 499 1972 virgultisque
523 1920 710 1966 collectis,
727 1920 865 1971 quibus
884 1920 1004 1957 fossas
1022 1920 1283 1958 Romanorum
1298 1934 1402 1959 com-

246 1982 390 2032 pleant,
416 1982 465 2019 ad
484 1989 608 2020 eastra
627 1988 807 2032 pergunt.

298 2042 406 2079 XIX.
461 2043 592 2080 Locus
624 2049 705 2079 crat
735 2050 947 2080 castrorum
968 2042 1114 2088 editus,
1146 2049 1185 2079 et
1204 2043 1402 2093 paullatim

246 2104 293 2140 ab
314 2103 389 2140 imo
409 2103 564 2141 acclivis
583 2103 737 2140 circiter
756 2115 889 2153 passus
910 2114 954 2139 M.
1010 2102 1101 2140 Huc
1122 2115 1263 2153 magno
1286 2117 1401 2141 cursu

247 2164 545 2209 contenderunt,
567 2171 608 2201 ut
625 2176 737 2214 quam
751 2163 949 2200 minimum
974 2163 1085 2214 spatii
1102 2165 1148 2201 ad
1164 2178 1204 2202 sc
1217 2165 1402 2216 colligen-

247 2224 315 2262 dos
334 2225 613 2276 armandosque
630 2224 814 2262 Romanis
831 2225 1003 2271 daretur,
1017 2225 1302 2276 exanimatique
1314 2239 1400 2277 per-

245 2294 445 2325 venerunt.
503 2286 679 2333 Sabinus,
713 2298 802 2325 suos
821 2286 1011 2333 hortatus,
1044 2287 1292 2338 cupientibus
1323 2287 1400 2338 sig-
