1556 2683
256 271 306 307 552
563 270 637 308 DE
678 271 856 310 BELLO
897 273 1140 312 GALLICO

256 378 337 408 tum
358 372 524 419 calones,
543 375 767 424 perterritos
781 375 911 413 hostes
925 377 1151 427 conspicati,
1170 377 1284 414 etiarn
1301 378 1400 422 iners

256 445 337 470 mes
357 434 509 471 armatis
530 443 801 479 occurrerent;
831 438 978 487 equites
997 452 1101 484 vero,
1131 446 1174 475 ut
1193 439 1400 488 turpitudi-

254 506 341 530 nem
362 494 475 544 fugae
494 496 635 533 virtute
656 497 845 543 delerent,
877 499 1054 536 omnibus
1079 499 1115 536 in
1135 499 1229 536 locis
1248 513 1399 549 pugnae

255 565 295 591 se
315 554 533 604 legionariis
554 556 735 594 militibus
748 558 998 607 praeferrent.
1054 560 1108 596 At
1124 560 1268 604 hostes,
1284 560 1400 597 etiam

253 616 291 652 in
312 624 487 654 extrema
505 630 572 668 spe
592 618 738 664 salum,
754 626 898 656 tantam
912 620 1091 658 virtutem
1112 621 1400 671 praestiterunt,

254 684 310 722 ut,
344 690 461 727 quum
491 678 601 728 primi
631 692 763 716 eorum
783 681 1026 726 cecidissent,
1055 681 1221 731 proximi
1236 682 1400 731 jacenti-

252 738 324 774 bus
354 738 590 783 insisterent,
627 748 742 790 atque
764 753 812 777 ex
846 753 978 778 eorum
998 742 1221 792 corporibus
1254 755 1400 793 pugna-

253 806 361 842 rent;
394 799 452 836 his
467 800 642 850 dejectiS,
662 808 701 839 et
720 802 955 838 coacervatis
975 803 1237 849 cadaveribus,
1258 804 1322 854 qui
1341 817 1400 841 su-

251 868 463 911 peressent,
497 868 539 898 ut
558 874 608 898 cx
628 863 790 907 tumulo,
810 863 888 901 tela
919 863 955 899 in
977 871 1126 901 nostros
1147 865 1400 915 conjicerent,

251 929 290 959 et
308 922 386 972 pila
414 922 630 972 intercepta
660 922 924 960 remitterent:
958 932 1001 961 ut
1032 938 1108 961 non
1140 925 1399 976 nequidquam

249 990 380 1020 tantae
410 983 560 1021 virtutis
580 983 753 1020 homines
779 984 944 1033 judicari
980 985 1140 1022 deberet
1175 999 1285 1023 ausos
1316 1000 1399 1024 esse

250 1046 411 1086 transire
438 1045 664 1082 latissimum
683 1045 841 1090 flumen,
871 1045 1107 1083 adscendere
1127 1047 1326 1084 altissimas
1348 1048 1397 1084 ri·

249 1120 331 1158 ρας,
351 1107 478 1144 subire
495 1106 771 1156 iniquissimum
790 1106 941 1144 locum:
973 1120 1070 1157 quae
1091 1107 1217 1146 facilia
1236 1122 1285 1146 ex
1305 1109 1398 1146 diffi-

251 1168 401 1207 cillimis
420 1168 535 1205 animi
555 1168 782 1217 magnitudo
803 1167 1019 1217 redegerat.

301 1229 490 1266 XXVIII.
545 1229 634 1265 Hoc
654 1229 800 1279 proelio
820 1228 937 1274 facto,
964 1236 1004 1266 et
1021 1243 1141 1280 prope
1162 1232 1209 1268 ad
1230 1232 1397 1269 interne-

249 1292 399 1330 cionem
419 1297 535 1340 gente
567 1303 611 1327 ac
643 1290 797 1327 nornine
820 1290 1049 1327 Nerviorum
1070 1292 1241 1338 redacto,
1278 1295 1399 1343 majo-

248 1366 309 1390 res
329 1359 435 1397 natu,
455 1364 549 1401 quos
570 1364 645 1388 una
661 1364 747 1388 cum
767 1351 909 1401 pueris,
929 1352 1242 1403 mulieribusque,
1262 1353 1299 1390 in
1316 1367 1398 1391 aes-

246 1416 370 1452 tuaria
389 1427 434 1451 ac
453 1414 611 1463 paludes
625 1413 809 1450 collectos
823 1412 1055 1459 dixeramus,
1071 1414 1143 1451 hac
1158 1428 1288 1465 pugna
1299 1429 1397 1452 nun-

247 1476 360 1522 ciata,
390 1489 507 1526 quum
526 1474 735 1511 victoribus
765 1474 858 1510 nihil
891 1474 1130 1525 impeditum,
1162 1476 1272 1514 victis
1304 1476 1399 1513 nihil

246 1544 386 1582 tutum,
413 1535 704 1580 arbitrarentur,
738 1535 921 1580 omnium,
951 1535 1015 1585 qui
1036 1544 1273 1586 supererant,
1305 1550 1398 1575 con-

248 1612 377 1642 sensu,
407 1597 556 1647 legatos
584 1597 633 1633 ad
653 1597 856 1634 Caesarem
877 1596 1076 1642 miserunt,
1096 1610 1214 1648 seque
1235 1598 1270 1634 ei
1290 1598 1396 1635 dedi-

247 1660 386 1696 derunt
403 1674 411 1700 ;
431 1666 483 1704 et,
503 1658 540 1694 in
558 1658 894 1695 commemoranda
909 1657 1074 1695 civitatis
1095 1659 1326 1704 calamitate,
1347 1673 1396 1696 ex

248 1732 300 1756 Dc
323 1720 371 1756 ad
392 1731 442 1756 111
465 1721 674 1763 senatores,
695 1731 743 1755 ex
763 1718 960 1755 hominum
980 1718 1145 1756 millibus
1179 1731 1232 1755 Lx
1252 1719 1315 1755 vix
1348 1719 1397 1756 ad

245 1794 286 1825 D,
320 1780 383 1831 qui
403 1793 507 1817 arma
532 1780 632 1817 ferre
664 1786 835 1830 possent,
864 1792 948 1817 sese
976 1779 1153 1817 redactos
1173 1792 1256 1817 esse
1287 1780 1396 1817 dixe-

244 1849 358 1879 runt:
396 1854 492 1892 quos
514 1842 669 1885 Caesar,
706 1848 749 1878 ut
780 1840 816 1877 in
838 1841 995 1877 miseros
1014 1853 1059 1878 ac
1079 1841 1271 1891 supplices
1303 1853 1393 1878 usus

244 1902 505 1941 misericordia
523 1902 732 1947 videretur,
754 1901 1043 1951 diligentissime
1059 1903 1311 1948 conservavit,
1332 1916 1394 1940 su-

243 1965 351 2015 isque
370 1964 510 2001 finibus
531 1970 647 2013 atque
668 1962 818 2013 oppidis
839 1953 1044 2012 utijussit3
1078 1973 1117 2000 ct
1135 1963 1304 2000 finitimis
1325 1964 1393 2000 im-

241 2026 404 2076 peravit,
425 2032 467 2061 ut
487 2025 533 2061 ab
554 2024 692 2074 injuria
711 2032 750 2061 et
769 2024 958 2061 maleficio
978 2037 1017 2061 se
1031 2037 1195 2075 suosque
1214 2025 1392 2075 prohibe-

246 2095 343 2124 rent.

295 2147 443 2185 XXIX.
505 2147 716 2192 Aduatuci,
754 2146 802 2183 de
837 2147 973 2197 quibus
1011 2158 1124 2196 supra
1156 2146 1391 2196 scripsimus,

245 2223 361 2260 quum
383 2209 558 2246 omnibus
593 2208 712 2258 copiis
733 2208 876 2245 auxilio
910 2207 1062 2244 Nerviis
1094 2208 1283 2253 venirent,
1320 2208 1392 2245 hac

241 2284 372 2321 pugna
388 2271 582 2316 nunciata,
599 2282 648 2306 ex
663 2269 800 2306 itinere
817 2269 971 2305 domum
987 2276 1250 2306 reverterunt:
1272 2281 1390 2306 cunc-

242 2333 288 2369 tis
312 2332 463 2382 oppidis
483 2331 726 2380 castellisque
747 2329 922 2375 desertis,
960 2343 1027 2367 sua
1046 2329 1173 2367 omnia
1204 2329 1240 2366 in
1272 2341 1391 2377 unuln
