1556 2683
548 198 712 237 LIBER
766 198 856 236 VII.
1199 204 1274 241 199

132 305 210 344 nati
230 304 460 343 sententiam
493 303 754 341 doseenelant:
784 303 848 339 illo
867 310 992 340 tamen
1017 302 1144 353 potius
1164 311 1273 341 uten-

129 367 220 404 dum
251 366 425 412 consilio,
459 366 487 402 si
509 379 568 401 res
588 372 717 415 cogat,
746 372 860 414 atq-..e
890 364 1031 401 auxilia
1061 375 1273 412 morentur,

133 440 245 478 quam
278 434 344 464 aut
376 426 581 464 deditionis
613 433 677 461 aut
700 427 802 475 paon
829 424 1064 462 subeundam
1085 426 1275 463 conditio-

129 502 231 526 nem.
288 488 504 532 Mandubii,
534 487 596 537 qui
617 499 684 524 eos
703 486 846 537 oppido
865 493 1105 536 receperant,
1126 500 1210 524 cum
1231 487 1277 523 li-

129 549 230 587 beris
249 557 365 600 atque
395 548 579 585 uxoribus
599 547 706 584 exire
725 555 929 597 coguntur.
1001 547 1067 592 Hi,
1089 561 1204 597 quum
1225 548 1275 585 ad

127 610 361 647 munitiones
381 610 638 646 Romanorum
653 608 918 650 accessissent,
933 607 1083 652 flentes,
1100 608 1276 645 omnibus

129 669 308 720 precibus
327 670 500 714 orabant,
536 676 576 706 ut
594 681 650 715 se,
669 668 705 704 in
728 668 948 706 servitutem
976 676 1165 718 receptos,
1187 670 1275 707 cibo

122 732 305 779 juvarent
321 743 330 766 :
354 737 394 766 at
414 730 569 774 Caesar,
584 728 776 779 dispositis
795 728 832 765 in
848 728 947 766 vallo
964 728 1160 775 custodiis,
1180 729 1278 766 reci·

127 791 167 842 pi
186 791 428 841 prohibebat.

182 851 367 889 LXXIX.
423 851 576 889 Interea
596 850 808 896 Commius,
828 858 866 889 et
887 851 1021 902 reliqui
1042 852 1173 898 duces,
1194 852 1277 903 qui-

128 913 200 951 bus
214 925 362 950 summa
377 911 523 963 imperii
540 911 723 962 permissa
738 919 833 958 erat,
854 925 939 950 cum
961 913 1136 950 omnibus
1156 913 1277 964 copiis

128 975 178 1013 ad
201 973 370 1012 Alesiam
390 973 632 1024 perveniunt,
666 980 718 1017 et,
740 973 837 1011 colle
858 973 1050 1011 exteriore
1071 982 1277 1025 occupato,

128 1049 208 1074 non
227 1036 379 1086 longius
412 1046 439 1070 D
473 1035 646 1085 passibus
663 1035 711 1071 ab
731 1035 871 1072 nostris
890 1035 1166 1072 munitionibus
1187 1049 1279 1074 con-

129 1097 271 1135 sidunt.
324 1096 487 1134 Postero
506 1095 568 1132 die
587 1095 761 1146 equitatu
789 1108 839 1133 ex
856 1097 989 1133 castris
1009 1096 1164 1143 educto,
1196 1111 1278 1134 om-

128 1172 217 1197 nem
247 1171 330 1196 eam
364 1156 575 1207 planitiem,
596 1170 712 1207 quam
732 1157 769 1193 in
789 1157 1070 1207 longitudinem
1091 1170 1141 1195 111
1163 1159 1282 1196 millia

129 1233 309 1271 passuum
338 1226 469 1269 patere
500 1218 857 1263 demonstravimus,
895 1218 1115 1269 complent;
1144 1220 1280 1270 pedes-

130 1288 286 1331 tresque
307 1279 450 1330 copias‚
487 1278 655 1329 paullum
675 1279 722 1316 ab
748 1292 795 1316 eo
815 1279 900 1316 loco
919 1279 1082 1325 abditas,
1119 1280 1156 1316 in
1187 1280 1282 1319 locis

130 1354 218 1392 supa
229 1341 392 1378 rioribus
409 1340 661 1378 constituunt.
716 1340 811 1378 Erat
825 1353 874 1377 ex
891 1340 1033 1390 oppido
1051 1341 1181 1379 Alesia
1196 1341 1282 1380 des·

130 1410 267 1454 pectus
287 1402 326 1438 in
357 1414 547 1452 campum.
611 1401 878 1447 Concurritur‚
906 1402 964 1438 his
991 1402 1143 1439 auxiliis
1170 1403 1280 1440 visis:

130 1464 174 1502 fit
194 1463 400 1514 gratulatio
420 1463 520 1501 inter
539 1475 618 1509 eos,
646 1470 762 1514 atque
783 1463 952 1500 omnium
972 1463 1087 1500 animi
1106 1464 1155 1501 ad
1173 1464 1283 1502 laeti-

130 1524 223 1562 tiam
243 1524 475 1562 excitantur.
526 1524 676 1574 ltaque,
696 1524 894 1574 productis
914 1524 1048 1575 copiis,
1068 1532 1157 1562 ante
1173 1525 1282 1575 oppi-

131 1586 222 1624 dum
238 1585 460 1627 considunt;
475 1592 512 1622 et
526 1586 739 1635 proximam
754 1584 892 1622 fossam
906 1586 1075 1623 cratibus
1088 1586 1280 1636 integunt,

131 1654 249 1698 atque
279 1659 422 1698 aggere
454 1647 628 1697 explent3
660 1659 778 1698 seque
808 1647 857 1685 ad
876 1646 1133 1698 eruptionem,
1166 1655 1281 1699 atque

133 1722 268 1746 omnes
287 1721 411 1754 casuS,
446 1715 682 1758 comparant.

181 1768 347 1806 LXXX.
403 1769 560 1814 Caesar,
588 1768 691 1805 omni
711 1768 888 1807 exercitu
908 1769 956 1806 ad
975 1776 1175 1821 utramque
1196 1783 1281 1819 par-

134 1836 213 1869 tem
243 1830 501 1868 munitionum
530 1830 729 1880 disposito,
758 1837 814 1876 ut,
844 1831 875 1868 si
894 1844 984 1868 usus
1003 1832 1145 1877 veniat,
1173 1844 1285 1869 suum

135 1892 298 1944 quisque
318 1891 447 1930 locum
467 1898 599 1930 teneat
612 1898 652 1929 et
667 1892 830 1938 noverit,
851 1892 1065 1943 equitatum
1081 1906 1131 1930 ex
1151 1893 1286 1931 castris

133 1953 249 1992 educi
269 1960 307 1991 et
334 1954 523 2004 proelium
545 1953 730 1991 committi
745 1954 871 2004 jubet.
913 1953 1007 1991 Erat
1039 1968 1087 1992 ex
1108 1954 1284 1992 omnibus

132 2015 282 2061 castris,
313 2028 412 2066 quae
430 2028 620 2053 summum
640 2015 809 2066 undique
824 2017 960 2065 jugum
981 2016 1179 2062 tenebant,
1198 2016 1286 2053 des-

132 2084 295 2129 pectus:
332 2084 448 2128 atque
469 2076 637 2115 omnium
657 2076 820 2114 militum
841 2077 978 2115 intenti
997 2077 1113 2113 animi
1132 2090 1284 2127 pugnae

133 2144 316 2175 eventum
335 2139 625 2189 exspectabant.
680 2138 783 2175 Galli
816 2139 916 2176 inter
936 2138 1086 2190 equites
1105 2151 1209 2176 raros
1227 2151 1285 2176 sa-

134 2198 325 2249 gittariOS‚
345 2199 626 2251 expeditosque
640 2199 733 2236 levis
749 2207 978 2246 armaturae,
997 2199 1286 2249 inter-jecerant,

135 2259 202 2311 qui
220 2260 296 2299 suis
317 2261 543 2299 cedentibus
563 2261 706 2299 auxilio
740 2268 1026 2308 succurrerent,
1063 2268 1103 2299 et
1134 2267 1284 2298 nostro-
