1556 2683
564 308 729 347 LIBER
783 307 894 346 Vm.
1235 308 1310 347 225

146 420 269 461 neret,
281 413 462 451 frumenti
478 413 664 451 rationem
681 425 762 450 esse
778 411 994 449 habendam
1009 427 1018 455 ;
1047 409 1290 449 constituunt

146 474 316 511 omnium
333 487 535 518 consensu,
553 482 658 524 parte
672 474 722 510 ibi
741 473 873 510 relicta
889 472 1098 522 copiarum,
1116 471 1184 522 ipsi
1201 484 1289 509 cum

146 535 340 585 expeditis
358 535 406 572 ad
423 534 704 585 importandum
724 533 958 571 frumentum
979 532 1183 583 proficisci.
1231 531 1289 578 Eo

143 596 304 634 consilio
323 597 499 646 probato,
532 595 708 646 proxima
728 602 856 639 nocte,
885 606 916 630 ιι
939 591 1104 630 miiiibus
1124 600 1288 631 armato·

140 669 224 693 rum
244 656 402 701 relictis,
420 657 590 706 reliquos
605 669 654 693 ex
671 655 812 706 oppido
833 655 1012 705 Drappes
1026 662 1065 691 et
1083 654 1288 692 Lucterius

141 717 325 755 educunt.
379 717 427 763 Ii,
456 730 601 767 paucos
620 717 700 754 dies
720 717 872 760 morati,
902 730 952 754 ex
972 715 1112 753 finibus
1143 715 1290 753 Cadur-

141 789 289 823 corum,
323 777 387 828 qui
406 777 545 828 partim
565 790 604 813 re
627 777 874 814 frumentaria
903 776 1104 814 sublevare
1136 788 1202 813 eos
1223 788 1290 812 cu-

141 836 313 887 piebant,
342 837 480 888 partim
500 837 720 887 prohibere,
740 850 816 887 quo
835 837 1188 881 minussumerent,
1208 849 1287 873 non

141 902 334 946 poterant,
377 909 558 946 magnum
589 909 789 934 numerum
821 896 1003 934 frumenti
1041 903 1289 947 comparant:

141 969 417 1007 nonnunquam
437 965 565 994 autem
585 957 897 1008 expeditionibus
913 958 1110 996 nocturnis
1130 957 1289 995 castella

141 1026 360 1055 nostrorum
390 1018 626 1056 adoriuntur.
680 1020 804 1061 Quam
834 1019 883 1056 ob
903 1031 1074 1056 caussam
1111 1019 1154 1056 C.
1176 1019 1291 1056 Cani-

143 1079 228 1118 nius
249 1087 331 1118 toto
352 1079 492 1130 oppido
513 1080 746 1118 munitiones
765 1080 1004 1118 circumdare
1025 1087 1209 1126 moratur,
1243 1093 1291 1118 ne

142 1148 210 1178 aut
227 1154 321 1191 opus
341 1140 518 1179 effectum
538 1142 637 1178 tueri
657 1154 733 1179 non
753 1142 888 1192 possit,
916 1149 983 1179 aut
1002 1141 1175 1192 plurimis
1195 1141 1292 1179 locis

144 1201 293 1239 infirma
311 1202 489 1253 disponat
508 1202 710 1252 praesidia.

191 1263 354 1300 XXXV.
410 1262 554 1313 Magna
574 1264 686 1314 copia
701 1263 884 1302 frumenti
904 1270 1139 1314 comparata,
1163 1264 1287 1302 consi-

140 1326 238 1363 dunt
270 1324 449 1375 Drappes
469 1332 507 1362 et
528 1324 734 1362 Lucterius
754 1338 831 1362 non
852 1325 1004 1375 longius
1023 1327 1070 1363 ab
1100 1326 1243 1376 oppido
1263 1339 1289 1363 x

139 1387 320 1432 millibus,
341 1386 443 1423 unde
462 1386 659 1436 paullatim
679 1387 916 1424 frumentum
936 1387 973 1424 in
994 1387 1177 1437 oppidum
1199 1402 1288 1438 sup-

138 1455 350 1499 portarent.
398 1447 475 1498 Ipsi
496 1448 596 1484 inter
611 1461 651 1485 se
666 1448 883 1499 provincias
900 1448 1138 1498 partiuntur:
1161 1448 1289 1499 Drap-

141 1522 209 1559 pes
243 1509 377 1546 castris
407 1509 597 1559 praesidio
631 1522 718 1547 cum
753 1517 861 1560 parte
895 1509 1092 1560 copiarum
1125 1511 1287 1547 restitit:

138 1569 346 1607 Lucterius
380 1582 519 1620 agmen
535 1571 800 1620 jumentorum
832 1569 881 1606 ad
901 1568 1084 1620 oppidum
1114 1568 1287 1607 adducit.

140 1631 349 1682 Dispositis
368 1630 419 1668 ibi
439 1630 649 1682 praesidiis,
669 1631 764 1668 hora
784 1630 908 1668 noctis
928 1629 1081 1667 circiter
1100 1641 1139 1674 x,
1159 1630 1288 1668 silves-

140 1693 262 1730 tribus
282 1693 530 1744 angustisque
551 1692 749 1729 itineribus
769 1691 1004 1728 frumentum
1024 1691 1232 1740 importare
1248 1691 1287 1728 in

142 1754 328 1805 oppidum
348 1754 526 1791 instituit.
580 1754 752 1795 Quorum
773 1751 973 1803 strepitum
991 1751 1125 1800 vigiles
1143 1760 1287 1790 castro-

140 1827 224 1851 rum
254 1828 372 1865 quum
402 1814 622 1860 sensissent,
661 1814 1001 1864 exploratoresque
1031 1813 1149 1859 missi,
1189 1828 1287 1865 quae

140 1883 362 1926 agerentur,
383 1876 688 1920 renunciassent,
709 1875 896 1913 Caninius
916 1874 1095 1913 ceieriter
1114 1888 1202 1912 cum
1223 1889 1288 1913 co-

135 1936 311 1974 hortibus
331 1936 487 1974 armatis
506 1950 555 1974 ex
577 1936 760 1987 proximis
779 1936 945 1974 castellis
962 1936 999 1973 in
1016 1936 1286 1975 frumentarios

139 1997 210 2034 sub
239 1997 359 2047 ipsam
378 1997 504 2035 lucem
524 1997 710 2048 impetum
728 1997 835 2034 fecit.
891 1997 935 2043 li,
966 1997 1168 2048 repentino
1187 1997 1288 2035 malo

136 2058 344 2110 perterriti,
373 2057 579 2109 diffugiunt
598 2058 645 2096 ad
664 2071 733 2097 sua
751 2058 960 2110 praesidia:
989 2071 1087 2109 quae
1106 2059 1226 2096 nostri
1246 2066 1288 2096 ut

133 2119 328 2166 viderunt,
348 2118 474 2157 acrius
494 2127 629 2157 contra
656 2126 822 2157 armatos
841 2119 1003 2165 incitati,
1023 2120 1216 2158 neminem
1234 2133 1285 2157 ex

135 2194 183 2219 eo
212 2193 372 2219 numero
398 2181 524 2218 vivum
545 2181 628 2232 capi
658 2181 868 2232 patiuntur.
924 2180 1069 2232 Effugit
1088 2181 1178 2219 inde
1198 2195 1286 2219 cum

137 2242 271 2293 paucis
291 2242 511 2288 Lucterius,
532 2255 604 2280 nec
619 2255 659 2280 se
676 2243 814 2293 recipit
833 2243 870 2279 in
890 2249 1028 2280 castra.

192 2303 378 2341 XXXVI.
435 2304 492 2342 Re
528 2305 628 2343 bene
660 2311 783 2355 gesta,
822 2304 1007 2342 Caninius
1039 2317 1090 2342 ex
1126 2304 1287 2356 captivis

137 2365 339 2415 comperit,
365 2373 516 2416 partem
545 2365 744 2417 copiarum
775 2379 863 2403 cum
893 2366 1093 2418 Drappete
1129 2379 1213 2404 esse
1245 2365 1285 2403 in

216 2426 326 2464 ToM.
346 2425 378 2464 1.
741 2426 771 2464 F
790 2426 810 2463 f
