1556 2683
581 306 746 357 LIBER
799 320 830 357 1.
1242 312 1291 360 ‘25'

148 424 289 476 oppido
307 421 486 462 facultas:
507 423 623 475 idque
642 430 779 461 natura
796 423 871 461 loci
892 423 947 460 sic
966 422 1224 470 muniebatur,
1246 430 1289 462 ut

146 498 321 536 magnam
341 484 390 522 ad
403 483 621 521 ducendum
634 484 777 522 bellum
793 484 903 521 daret
914 483 1152 529 facultatem,
1173 496 1289 534 prop-

147 553 254 583 terea
272 545 375 597 quod
393 544 537 581 flumen
558 544 698 590 Dubis,
725 552 768 582 ut
787 544 931 583 circino
962 544 1288 590 circumductum,

146 620 269 658 paene
284 614 407 645 totum
428 606 611 657 oppidum
624 606 767 656 cingit;
786 606 972 656 reliquum
988 606 1166 656 spatium,
1186 606 1291 656 quod

148 676 206 706 est
225 681 302 705 non
331 667 490 718 amplius
519 667 661 717 pedum
683 678 749 713 nc,
786 679 862 717 qua
879 666 1023 703 flumen
1055 666 1288 712 intermittit,

147 741 256 766 mons
276 728 450 766 continet
469 741 608 778 magna
625 727 844 774 altitudine,
864 727 916 765 ita
928 734 970 764 ut
984 727 1131 765 radices
1149 727 1290 765 montis

147 802 198 827 ex
218 796 380 840 utraque
413 797 521 841 parte
541 789 646 840 ripae
681 788 847 826 fluminis
877 788 1116 838 contingant.
1170 788 1292 826 Hunc

148 863 278 887 murus
290 851 558 889 ‘circumdatus
577 863 706 889 arcem
725 850 855 896 efficit,
875 857 914 888 et
933 864 1020 888 cum
1036 850 1178 901 oppido
1199 863 1291 888 con-

143 911 284 962 jungit.
339 912 431 949 Huc
453 912 594 949 Caesar
609 912 756 962 magnis
775 912 973 949 nocturnis
992 911 1214 962 diurnisque
1230 911 1291 948 iti-

147 973 302 1010 neribus
318 972 534 1016 contendit;
554 980 822 1024 occupatoque
838 972 979 1023 oppido
992 972 1043 1009 ibi
1059 971 1291 1022 praesidium

151 1034 330 1072 coHocan

200 1096 384 1133 XXXIX.
437 1096 542 1134 Dum
561 1108 705 1146 paucos
724 1095 806 1133 dies
825 1095 874 1132 ad
903 1094 1195 1140 Vesontionem,
1232 1094 1290 1132 rei

147 1157 420 1195 frumentariae
436 1158 752 1208 commeatfisque
767 1169 913 1202 caussa,
930 1164 1117 1194 moratur:
1137 1170 1186 1194 ex
1201 1170 1289 1208 per-

149 1220 397 1257 cunctatione
434 1226 666 1265 nostrorum,
713 1219 947 1269 vocibusque
982 1218 1196 1265 Gallorum,
1243 1232 1292 1257 ao

149 1287 420 1327 mercatorum,
440 1280 505 1331 qui
524 1280 673 1331 ingenti
687 1280 950 1331 magnitudine
966 1293 1170 1331 corporum
1190 1279 1291 1318 Ger-

146 1354 294 1388 manos,
326 1342 542 1379 incredibili
559 1342 716 1388 virtute,
741 1349 858 1393 atque
876 1341 1155 1380 exercitatione
1173 1341 1212 1379 in
1231 1355 1293 1380 ar-

147 1403 233 1450 mis,
270 1416 353 1441 esse
381 1402 673 1455 praedicabant,
709 1415 985 1454 saepenumero
1012 1415 1095 1440 sese
1128 1415 1216 1441 cum
1245 1403 1292 1440 iis

149 1477 390 1515 congressos,
410 1476 459 1501 ne
473 1463 620 1501 vultum
641 1463 795 1514 quidem
814 1471 930 1514 atque
950 1464 1073 1501 aciem
1092 1464 1294 1502 oculorum·

148 1525 249 1563 ferre
269 1526 457 1576 potuisse3
476 1532 605 1563 tantus
624 1525 752 1562 subito
771 1525 884 1563 timor
904 1538 1055 1563 omnem
1075 1526 1291 1563 exercitum

149 1585 368 1635 occupavit,
399 1591 442 1621 ut
460 1598 538 1622 non
567 1584 813 1623 mediocriter
845 1586 1014 1623 omnium
1044 1594 1192 1624 mentes
1210 1586 1291 1623 ani-

150 1659 309 1696 mosque
329 1646 585 1696 perturbaret.
640 1646 719 1684 Hic
737 1646 900 1697 primurn
927 1654 1033 1684 ortus
1052 1655 1110 1685 est
1129 1659 1152 1684 a
1170 1647 1292 1685 tribu-

148 1707 207 1743 nis
222 1707 399 1753 militum,
418 1706 638 1758 praefectis,
657 1707 904 1758 reliquisque,
925 1708 1004 1758 qui,
1021 1720 1071 1745 ex
1084 1709 1180 1747 urbe
1198 1708 1293 1746 ami-

148 1768 263 1805 citiae
296 1780 430 1806 caussa
455 1769 661 1807 Caesarem
688 1769 826 1815 secuti,
859 1782 1042 1820 magnum
1072 1769 1292 1820 periculum

148 1829 443 1876 miserabantur,
464 1829 568 1881 quod
587 1843 664 1867 non
683 1843 865 1881 magnum
886 1831 924 1867 in
944 1843 985 1868 re
1004 1830 1158 1868 militari
1178 1844 1291 1869 usum

148 1891 354 1929 habebant.
390 1891 564 1933 Quorum
584 1891 693 1937 alius,
713 1892 788 1929 alia
802 1900 936 1930 caussa
951 1892 1068 1939 illata,
1088 1902 1201 1943 quam
1220 1890 1293 1931 sibi

151 1951 199 1988 ad
219 1950 538 2002 proficiscendum
558 1952 812 1989 necessariam
832 1965 916 1990 esse
936 1953 1098 1998 diceret,
1117 1955 1294 2004 petebat,

149 2019 191 2050 ut
210 2014 292 2062 ojus
309 2012 508 2049 voluntate
528 2012 726 2051 discedere
746 2013 904 2057 liceret;
937 2014 1123 2060 nonnulli,
1142 2013 1292 2066 pudore

150 2074 320 2119 adducti,
341 2080 383 2111 ut
397 2073 542 2111 tImoris
557 2074 816 2125 suspicionem
829 2076 1010 2122 vitarent,
1029 2077 1293 2114 remanebant.·

152 2135 208 2173 Hi
227 2148 352 2186 neque
375 2135 523 2173 vultum
541 2136 700 2187 fingere,
737 2149 864 2188 neque
895 2137 1087 2175 interdum
1116 2137 1293 2175 lacrimas

150 2204 296 2243 tenere,
315 2203 516 2247 poterant:
542 2197 661 2235 abditi
680 2197 718 2235 in
735 2199 1005 2245 tabernaculis,
1025 2206 1092 2236 aut
1110 2207 1220 2241 suum
1236 2199 1292 2236 fa-

149 2264 232 2296 tum
252 2258 523 2309 querebantur,
543 2266 609 2296 aut
629 2272 717 2297 cum
730 2259 980 2298 familiaribus
996 2260 1073 2298 suis
1088 2268 1294 2298 commune

152 2319 367 2370 periculum
398 2320 692 2359 miserabantur.
745 2320 874 2372 Vulgo
903 2321 994 2360 totis
1013 2323 1148 2360 castris
1175 2330 1294 2361 testa-⁷

153 2387 284 2419 menta
319 2381 632 2433 obsignabantur.
684 2382 845 2422 Horum·
876 2384 1036 2423 vocibus
1072 2390 1122 2423 ae
1154 2383 1293 2423 timore

234 2441 343 2480 Tom.
362 2441 394 2480 Ι.
754 2443 793 2482 D
