1556 2683
268 215 320 250 92
573 215 648 252 DE
686 215 863 254 BELLO
902 214 1146 255 GALLICO

268 314 330 353 die
350 317 595 367 aequinoctii,
616 319 772 356 infirmis
791 320 964 366 navibus,
996 320 1111 357 hiemi
1131 319 1413 370 navigationem

267 377 542 426 subjiciendam
571 392 646 416 non
676 381 932 418 existimabat.
987 382 1088 431 Ipse,
1122 382 1296 419 idoneam
1317 390 1412 419 tem-

267 446 455 488 pestatem
476 446 625 484 nactus,
655 441 782 490 paullo
813 449 897 491 post
918 442 1083 479 mediam
1116 451 1270 479 noctem
1298 456 1412 480 naves

265 501 398 538 solvit:
430 514 527 552 quae
547 514 678 539 omnes
699 502 909 540 incolumes
929 503 977 540 ad
996 503 1258 540 continentem
1279 518 1414 554 perve-

263 569 428 605 nerunt;
456 563 524 599 sed
549 575 598 599 ex
618 562 676 598 his
709 564 908 600 onerariae
942 575 974 600 11
1004 564 1172 609 eosdem,
1204 578 1298 615 quos
1326 565 1413 601 reli-

265 635 377 671 quae,
408 629 540 670 portus
568 635 706 673 capere
737 636 813 661 non
845 631 1069 674 potuerunt,
1098 632 1137 662 et
1155 625 1284 675 paullo
1314 625 1413 662 infra

264 683 415 720 delatae
435 692 535 721 sunt.

317 744 526 782 XXXVII.
580 746 729 787 Quibus
748 759 797 783 ex
817 746 976 783 navibus
1002 759 1118 796 quum
1139 754 1267 784 essent
1294 759 1413 797 expo-

263 805 325 843 siti
344 806 483 844 milites
503 807 656 845 circiter
674 819 763 853 ccc,
783 815 899 858 atque
919 808 957 843 in
978 815 1103 845 castra
1119 807 1413 853 contenderent,

262 866 424 913 Morini,
472 882 568 919 quos
605 869 760 914 Caesar,
800 870 838 906 in
876 869 1114 906 Britanniam
1151 869 1413 919 proficiscens,

264 936 421 979 pacatos
440 930 661 981 reliquerat,
693 943 759 980 spe
779 930 946 980 praedae
974 929 1146 975 adducti,
1179 930 1301 979 primo
1333 943 1410 966 non

261 988 316 1026 ita
347 1003 489 1040 magno
519 1004 672 1028 suorum
702 1003 862 1028 numero
892 991 1250 1033 circumsteterunt;
1289 1003 1349 1035 ac,
1383 990 1415 1027 si

262 1062 345 1088 sese
365 1052 529 1088 interfici
550 1052 709 1096 nollent,
731 1064 835 1089 arma
854 1064 999 1101 ponere
1015 1053 1227 1100 jusserunt.
1282 1054 1412 1094 Quum

261 1111 330 1156 illi,
351 1112 443 1149 orbe
462 1111 581 1158 facto,
601 1124 685 1149 sese
705 1112 974 1157 defenderent,
1002 1111 1181 1149 celeriter
1200 1112 1249 1149 ad
1272 1112 1414 1150 clamo-

260 1184 343 1208 rem
371 1172 569 1210 hominum
602 1172 757 1210 circiter
784 1171 903 1208 millia
922 1184 966 1208 vl
997 1179 1274 1210 convenerunt.
1328 1173 1415 1214 Qua

260 1246 303 1270 re
323 1234 518 1278 nunciata,
549 1234 693 1271 Caesar
713 1246 865 1270 omnem
886 1246 935 1269 ex
955 1233 1088 1269 castris
1109 1234 1321 1283 equitatum
1338 1234 1415 1271 suis

260 1294 405 1332 auxilio
425 1295 539 1331 misit.
582 1294 740 1331 Interim
758 1293 876 1330 nostri
891 1293 1030 1331 milites
1047 1294 1231 1344 impetum
1247 1295 1414 1332 hostium

261 1356 541 1400 sustinuerunt,
573 1362 689 1405 atque
710 1354 872 1404 amplius
891 1354 995 1391 horis
1016 1366 1061 1391 1v
1086 1354 1290 1392 fortissimo
1317 1369 1414 1406 pug-

260 1423 476 1459 naverunt3
504 1423 557 1461 et,
587 1415 720 1465 paucis
735 1415 961 1468 ,vulneribus
981 1416 1165 1466 acceptis,
1197 1417 1413 1467 complures

261 1489 312 1514 ex
329 1477 373 1513 iis
388 1477 630 1514 occiderunt.
684 1476 824 1513 Postea
850 1489 942 1512 vero
963 1489 1076 1526 quam
1106 1477 1298 1527 equitatus
1327 1491 1413 1516 nos-

259 1545 321 1575 ter
341 1539 377 1575 in
400 1545 651 1588 conspectum
670 1537 789 1582 venit,
809 1537 953 1583 hostes,
973 1538 1135 1587 abjectis
1154 1538 1282 1583 armis,
1306 1547 1414 1590 terga

260 1606 485 1642 verterunt;
513 1611 753 1649 magnusque
773 1611 907 1635 eorum
927 1612 1107 1635 numerus
1128 1607 1184 1636 est
1205 1600 1369 1639 occisus.

312 1661 544 1698 XXXVIII.
601 1661 744 1698 Caesar
775 1667 930 1710 postero
953 1660 1014 1697 die
1049 1661 1094 1696 T.
1116 1661 1327 1697 Labienum
1359 1662 1413 1700 le-

260 1731 393 1774 gatum
427 1735 514 1759 cum
548 1722 593 1758 iis
622 1721 853 1771 legionibuS,
875 1734 966 1772 quas
986 1734 1035 1758 ex
1058 1722 1254 1759 Britannia
1273 1724 1413 1761 redux-

261 1792 358 1829 erat,
395 1784 432 1820 in
466 1782 655 1828 Morinos,
690 1782 754 1832 qui
787 1782 1036 1819 rebellionem
1067 1780 1254 1827 fecerant,
1300 1783 1414 1820 misit.

261 1847 341 1897 qui,
361 1857 478 1896 quum
498 1851 656 1894 propter
676 1843 870 1881 siccitates
890 1843 1087 1893 paludum,
1117 1856 1193 1892 quo
1208 1856 1248 1880 se
1267 1845 1414 1895 recipe-

261 1914 364 1951 rent,
393 1920 471 1944 non
504 1906 706 1951 haberent,
745 1904 844 1955 (quo
872 1904 1049 1954 perfugio
1082 1904 1279 1954 superiore
1312 1919 1413 1943 anno

258 1968 416 2005 fuerant
435 1966 515 2017 usi)
540 1979 673 2003 omnes
691 1966 772 2003 fere
792 1966 830 2002 in
850 1972 1083 2016 potestatem
1117 1965 1277 2002 Labieni
1298 1979 1412 2003 vene-

261 2038 363 2068 runt.
420 2030 476 2066 At
494 2030 542 2071 Q.
564 2028 735 2065 Titurius
755 2034 794 2065 et
814 2027 859 2063 L.
881 2027 1010 2071 Cotta,
1029 2027 1161 2076 legati,
1182 2026 1245 2076 qui
1268 2027 1303 2063 in
1327 2027 1413 2065 Me-

260 2091 463 2141 napiorum
484 2089 580 2125 fines
598 2087 771 2137 legiones
791 2087 996 2130 duxerant,
1025 2086 1201 2123 omnibus
1222 2100 1353 2124 eorum
1374 2100 1412 2124 a-

262 2152 340 2201 gris
373 2150 544 2195 vastatis,
575 2148 776 2186 frumentis
807 2148 981 2192 succisis,
1015 2148 1199 2185 aedificiis
1232 2148 1411 2195 incensis,

264 2211 367 2262 quod
399 2211 571 2261 Menapii
598 2223 638 2246 se
667 2222 799 2247 omnes
832 2209 869 2245 in
890 2208 1133 2245 densissimas
1164 2208 1274 2245 silvas
1306 2209 1411 2245 abdi-

264 2273 413 2319 derant,
446 2284 486 2309 se
506 2272 555 2309 ad
584 2272 785 2310 Caesarem
807 2277 1051 2320 receperunt.
1106 2270 1247 2308 Caesar
1266 2269 1304 2308 in
1325 2269 1412 2310 Bel-
