1556 2683
281 228 354 262 188
560 223 634 261 DE
676 222 854 260 BELLO
896 224 1139 263 GALLICO

281 326 422 372 ierunt,
455 326 668 376 collemque
698 334 897 376 ceperunt,
927 340 1052 376 neque
1085 333 1299 364 nostrorum
1319 325 1418 364 mili-

280 394 362 424 tum
391 387 579 423 victorum
612 387 794 436 impetum
832 389 1017 423 sustinere
1050 394 1270 436 potuerunt.
1338 387 1417 432 Sic,

280 461 368 485 cum
389 448 465 484 suis
484 447 718 496 fugientibus
746 447 938 496 permixti,
959 460 1054 496 quos
1075 460 1149 483 non
1165 447 1280 484 silvae
1309 460 1416 484 mon-

281 517 415 559 tesque
435 515 630 552 texerunt,
664 508 710 544 ab
741 507 912 557 equitatu
944 515 1032 544 sunt
1069 508 1272 545 interfecti.
1327 508 1418 544 Hoc

280 569 436 619 negotio
450 567 642 612 confecto,
658 567 851 604 Labienus
866 568 1069 605 revertitur
1087 567 1417 618 Agendicum‚ubi

280 629 554 680 impedimenta
586 628 702 664 totius
739 628 932 665 exercitus
965 628 1098 666 relicta
1134 636 1256 666 erant.
1308 628 1420 674 Inde,

279 702 366 728 cum
389 688 563 725 omnibus
584 688 717 738 copiis,
737 689 785 725 ad
806 689 1008 726 Caesarem
1029 690 1214 739 pervenit.

329 749 478 786 LXIII.
514 749 745 786 Defectione
764 749 986 786 Aeduorum
1002 750 1170 799 cognita,
1190 750 1330 786 bellum
1352 761 1417 786 au-

277 818 412 862 getur:
441 809 652 859 legationes
684 809 720 846 in
741 823 872 846 omnes
891 817 1017 860 partes
1042 810 1416 847 circummittuntur:

277 879 461 923 quantum
481 870 617 919 gratia,
636 871 878 915 auctoritate,
904 871 1069 920 pecunia
1087 871 1226 915 valent,
1247 870 1294 907 ad
1313 870 1414 907 solli-

278 932 449 970 citandas
469 931 642 968 civitates
662 931 847 968 nituntur.
886 931 998 968 Nacti
1020 931 1186 976 obsides,
1207 944 1302 981 quos
1322 931 1420 968 Cae-

277 1007 339 1031 sar
358 991 460 1042 apud
479 1004 543 1028 eos
563 991 808 1042 deposuerat,
838 993 975 1028 horum
996 992 1182 1042 supplicio
1203 992 1422 1029 dubitantes

278 1053 468 1091 territant.
522 1051 663 1089 Petunt
684 1065 707 1089 a
725 1051 1043 1102 Vercingetorige
1064 1053 1207 1099 Aedui,
1226 1052 1273 1090 ad
1294 1066 1334 1090 se
1354 1065 1419 1089 ve-

276 1114 372 1159 niat,
403 1113 645 1163 rationesque
664 1113 754 1149 belli
769 1113 927 1161 gerendi
949 1114 1218 1151 communicet.
1275 1113 1332 1150 Re
1354 1113 1423 1150 im-

276 1181 441 1227 petrata,
462 1173 716 1218 contendunt,
732 1181 774 1211 ut
793 1174 882 1224 ipsis
897 1187 1043 1211 summa
1059 1174 1206 1224 imperii
1222 1174 1394 1211 tradatur
1410 1189 1420 1217 ;

277 1244 331 1281 et,
352 1248 392 1272 re
412 1234 449 1271 in
470 1233 767 1271 controversiam
783 1234 963 1279 deducta,
984 1235 1100 1271 totius
1121 1233 1269 1271 Galliae
1289 1234 1421 1271 conci-

276 1297 368 1333 lium
386 1295 567 1332 Bibracte
586 1294 777 1331 indicitur.
834 1294 981 1331 Eodem
997 1295 1230 1332 conveniunt
1247 1295 1414 1345 undique

277 1357 512 1407 frequentes
567 1354 829 1391 Multitudinis
855 1354 1041 1404 suffragiis
1074 1368 1132 1392 res
1162 1355 1422 1406 permittitur:

277 1419 327 1456 ad
348 1431 462 1454 unum
485 1429 616 1454 omnes
636 1415 995 1466 Vercingetorigem
1026 1417 1191 1466 probant
1218 1417 1421 1467 imperato-

276 1492 370 1517 rem.
427 1479 489 1515 Ab
506 1478 581 1514 hoc
599 1476 763 1514 concilio
779 1476 904 1521 Remi,
925 1476 1135 1526 Lingones,
1156 1476 1302 1513 Treviri
1316 1477 1423 1515 afue-

277 1548 391 1578 runt:
420 1540 487 1584 illi,
509 1538 613 1589 quod
632 1537 836 1575 amicitiam
858 1537 1116 1574 Romanorum
1137 1537 1417 1586 sequebantur:

278 1602 443 1646 Treviri,
479 1600 581 1651 quod
614 1600 772 1636 aberant
792 1598 956 1648 longius,
989 1605 1028 1634 et
1047 1598 1093 1634 ab
1115 1597 1316 1635 Germanis
1335 1612 1422 1648 pre-

278 1664 503 1702 mebantur;
533 1673 631 1711 quae
646 1659 719 1697 fuit
739 1672 885 1704 caussa,
905 1672 1022 1709 quare
1041 1665 1125 1696 toto
1144 1659 1322 1696 abessent
1340 1660 1421 1697 bel-

277 1725 329 1769 lo,
363 1731 400 1760 et
422 1722 570 1759 neutris
590 1720 732 1758 auxilia
760 1720 970 1757 mitterent.
1024 1720 1173 1770 Magno
1193 1720 1323 1757 dolore
1345 1722 1424 1758 Ae-

276 1784 342 1822 dui
375 1784 504 1820 serunt
534 1796 574 1820 se
595 1782 766 1831 (leJ‘ectos
792 1781 1035 1831 principatu3
1064 1788 1274 1831 queruntur
1299 1780 1420 1819 fortu-

276 1859 349 1883 nae
369 1843 722 1888 commutationem,
749 1850 786 1880 et
807 1843 980 1879 Caesaris
1012 1842 1048 1879 in
1069 1856 1109 1879 se
1143 1843 1418 1891 indulgentiam

276 1906 502 1957 requirunt:
533 1917 658 1954 neque
679 1911 821 1948 tamen,
851 1910 1028 1953 suscepto
1049 1903 1163 1948 bello,
1201 1916 1309 1940 suum
1331 1917 1421 1941 con-

281 1968 407 2004 silium
434 1967 479 2003 ab
500 1965 654 2015 reliquis
683 1977 858 2014 separare
888 1964 1041 2001 audent.
1110 1963 1223 2000 Inviti
1252 1976 1422 2002 summae

274 2029 355 2079 spei
377 2028 654 2071 adolescentes,
675 2024 903 2076 Eporedirix
920 2032 958 2062 et
977 2024 1236 2070 Virdumarus,
1258 2024 1418 2062 Vercin-

275 2088 441 2139 getorigi
462 2094 608 2138 parent.

328 2149 473 2185 LXIV.
544 2148 613 2184 Ille
647 2146 807 2197 imperat
826 2146 980 2196 reliquis
1011 2147 1227 2184 civitatibus
1254 2147 1418 2184 obsides.

276 2211 456 2259 Denique
477 2210 510 2247 ci
532 2209 587 2246 rei
608 2208 806 2245 constituit
825 2208 924 2244 diem
942 2222 951 2244 ε
988 2208 1063 2245 huc
1095 2221 1225 2246 omnes
1258 2208 1419 2259 equites,

279 2282 334 2307 xv
354 2270 471 2308 millia
496 2282 669 2315 numero,
700 2268 877 2306 celeriter
909 2268 1113 2306 convenire
1128 2268 1249 2317 jubet.
1304 2267 1417 2305 Pedi·

1540 2517 1556 2683 “ffi—
