1556 2683
542 225 709 264 LIBER
763 225 812 264 V.
1208 232 1289 270 119

132 328 183 365 ad
197 328 400 367 Caesarem
419 329 605 380 pervenit.
661 329 725 366 Ab
744 341 792 367 eo
811 329 859 366 de
879 329 1061 380 periculis
1081 330 1287 370 CICeronis

134 388 374 440 legionisque
393 389 651 440 cognoscitur.

182 449 328 487 XLVI.
382 451 538 497 Caesar,
553 450 726 502 acceptis
739 450 860 488 literis
879 450 974 489 hora
989 451 1143 489 circiter
1161 464 1203 489 xi
1224 453 1288 491 di-'

133 511 183 556 ei,
196 511 323 549 statim
335 512 519 549 nuncium
532 511 570 548 in
585 512 811 550 Bellovacos
823 512 871 549 ad
887 511 941 548 M.
951 512 1130 550 Crassum
1145 526 1282 563 quaes-

132 579 255 610 torem
276 572 406 618 mittit,
439 574 548 622 cujus
567 572 729 610 hiberna
746 574 906 610 aberant
925 573 973 609 ab
992 585 1040 610 eo
1059 574 1178 611 millia
1196 587 1282 625 pas-

131 645 243 671 suum
262 645 358 670 xxv.
410 633 532 671 Jubet
560 634 687 671 media
706 641 820 672 nocte
849 633 1044 684 legionem
1075 635 1284 685 proficisci,

130 694 385 745 celeriterque
405 695 454 733 ad
468 707 509 732 se
529 695 672 733 venire.
719 694 827 732 Exiit
847 708 934 732 cum
950 695 1093 733 nuncio
1110 695 1284 734 Crassus.

131 756 312 794 Alterum
331 757 380 794 ad
409 757 454 794 C.
474 756 634 794 Fabium
653 756 823 807 legatum
843 755 975 802 mittit,
996 764 1038 793 ut
1058 757 1095 794 in
1118 757 1284 796 Atreba-

128 816 225 854 tium
244 817 340 855 fines
359 818 551 868 legionem
577 818 759 863 adducat‚
788 830 862 868 qua
880 817 952 855 sibi
972 817 1044 854 iter
1062 818 1284 858 faciendum

128 878 290 916 sciebat.
345 879 487 917 Scribit
508 878 695 925 Labieno,
710 879 741 916 si
757 878 993 929 reipublicae
1010 880 1212 917 commocio
1228 880 1283 918 fa-

129 951 219 976 cere
238 946 381 989 posset,
403 953 491 977 cum
510 940 663 990 legione
690 940 739 977 ad
757 940 852 977 fines
880 939 1110 977 Nerviorum
1132 941 1283 980 veniat:

129 997 315 1049 reliquam
333 1006 484 1049 partem
503 999 713 1045 exercitus,
734 1001 839 1050 quod.
856 1000 986 1050 paullo
1005 1002 1139 1038 aberat
1158 1002 1282 1052 longi-

129 1072 188 1106 us,
221 1073 298 1097 non
318 1068 429 1111 putat
448 1062 775 1113 exspectandam:
814 1062 964 1112 equites
984 1063 1138 1101 circiter
1159 1075 1210 1100 cn
1231 1076 1282 1101 ex

128 1122 314 1172 proximis
335 1123 504 1160 hibernis
521 1123 638 1173 cogit‚

179 1183 348 1221 XLVII.
398 1184 508 1222 Hora
536 1185 692 1223 circiter
722 1197 775 1222 111
807 1186 853 1223 ab
886 1186 1202 1225 antecursoribus
1233 1188 1284 1226 de

128 1245 256 1284 Crassi
274 1247 443 1284 adventu
463 1247 604 1285 certior
623 1248 762 1293 factus,
796 1260 842 1284 eo
872 1247 934 1284 die
954 1247 1073 1285 millia
1100 1262 1282 1299 passuum

126 1320 181 1344 xx
219 1308 477 1358 progreditur.
544 1308 725 1346 Crassum
765 1307 1055 1345 Samarobrivae
1092 1309 1282 1359 praeficit,

125 1368 396 1420 legionemque
415 1369 451 1407 ei
470 1370 667 1414 attribuit3
687 1370 790 1421 quod
809 1370 860 1406 ibi
877 1369 1151 1419 impedimenta
1170 1383 1283 1408 excr-

127 1429 241 1477 citus,
279 1430 433 1468 obsides
471 1430 684 1476 civitatum,
718 1430 848 1467 literas
886 1430 1075 1479 publicas,
1111 1429 1282 1467 frumen-

125 1499 287 1542 tumque
305 1504 433 1538 omne,
464 1492 568 1542 quod
588 1504 635 1529 eo
654 1491 880 1529 tolerandae
905 1490 1041 1527 hiemis
1062 1503 1197 1528 caussa
1216 1491 1283 1528 de-

125 1559 298 1598 vexerat,
331 1552 585 1602 relinquebat.
650 1552 803 1597 Fabius,
841 1558 884 1588 ut
915 1551 1146 1601 imperatum
1183 1559 1281 1598 erat,

125 1626 202 1651 non
222 1614 275 1651 ita
292 1614 456 1651 multum
483 1621 668 1659 moratus,
702 1614 740 1650 in
760 1613 899 1651 itinere
919 1625 1006 1650 cum
1039 1612 1194 1663 legione
1214 1626 1279 1651 oc-

125 1676 257 1713 currit.
311 1674 522 1721 Labienus,
536 1675 696 1712 interitu
718 1675 848 1713 Sabini
862 1682 901 1711 et
921 1674 1040 1712 caede
1061 1674 1279 1712 cohortium

125 1736 296 1787 cognita,
321 1750 440 1787 quum
460 1749 592 1774 omnes
611 1737 660 1774 ad
679 1749 768 1774 eum
788 1735 1035 1773 Trevirorum
1057 1736 1192 1786 copiae
1213 1750 1278 1774 ve-

123 1799 284 1846 nissent,
304 1799 462 1844 veritus,
482 1811 544 1845 ne,
566 1798 597 1835 si
616 1812 666 1836 ex
685 1798 855 1835 hibernis
874 1797 990 1847 fugae
1009 1797 1170 1834 similem
1189 1811 1277 1847 prom

124 1861 335 1899 fectionem
362 1860 531 1906 fecisset,
564 1860 733 1897 hostium
765 1860 950 1909 impetum
983 1857 1172 1895 sustinere
1202 1872 1280 1896 nou

124 1930 269 1974 posset,
293 1921 518 1973 praesertim
539 1935 634 1972 quos
655 1921 802 1959 recenti
822 1919 984 1958 victoria
1003 1919 1129 1957 efferri
1148 1920 1290 1966 sciret,-

124 1984 254 2022 literas
285 1983 440 2021 Caesari
470 1983 645 2028 remittit,
672 1990 816 2033 quanto
837 1995 925 2020 cum
953 1980 1126 2031 periculo
1158 1980 1280 2031 legio-

79 2048 82 2051 “
125 2057 214 2082 nem
233 2057 283 2082 ex
296 2043 466 2081 hibernis
486 2045 696 2082 educturus
711 2051 827 2087 esset;
852 2055 934 2080 rem
952 2049 1101 2092 gestam
1121 2041 1159 2077 in
1177 2041 1281 2079 Ebu-

126 2105 282 2144 ronibus
304 2105 531 2156 perscribit;
564 2105 680 2143 docet
700 2118 832 2142 omnes
853 2103 1047 2155 equitatus
1066 2103 1281 2152 peditatus-

127 2181 201 2220 que
232 2168 363 2219 copias
393 2167 641 2205 Trevirorum
670 2179 723 2204 111
752 2166 870 2203 millia
897 2178 1078 2216 passuum
1096 2164 1212 2215 longe
1231 2165 1280 2202 ab

126 2229 204 2267 suis
223 2229 358 2267 castris
377 2229 610 2267 consedisse.
820 2228 823 2231 ’

179 2289 364 2327 XLVIII.
419 2291 576 2337 Cacsar,
597 2290 757 2329 consilio
778 2292 860 2340 ejus
884 2289 1062 2341 probam,
1083 2287 1169 2333 etsi,
1197 2287 1278 2339 opi·
