1556 2683
525 206 690 248 LIBER
743 210 833 248 VII.
1177 212 1251 248 153

104 309 348 357 Carnutibus,
364 311 454 350 dato
463 314 712 363 jurejurando
725 314 771 351 ab
788 312 976 358 omnibus,
998 312 1061 363 qui
1075 311 1249 359 aderant,

106 378 278 421 tempore
309 375 390 422 ejus
410 374 462 411 rei
483 375 706 419 constituto,
727 376 773 411 ab
794 373 958 411 concilio
979 373 1203 410 disceditur.

154 432 228 468 ΙΙΙ.
286 434 360 471 Ubi
380 448 426 472 ea
443 435 524 472 dies
543 437 659 481 venit,
689 436 892 480 Carnutes,
926 435 1093 471 Cotuato
1113 441 1152 470 et
1173 433 1248 471 Co-

100 492 297 529 netoduno
328 493 503 539 ducibus,
534 496 744 545 desperatis
771 494 1001 539 hominibus,
1040 493 1245 530 Genabum

103 553 192 589 dato
212 553 321 602 signo
342 563 593 597 concurrunt;
614 556 794 606 civesque
815 555 1022 600 Romanos,
1043 553 1106 604 qui
1127 566 1246 603 nego-

99 612 217 650 tiandi
239 625 371 651 caussa
389 614 440 650 ibi
461 616 724 661 constiterant,
756 616 815 666 (in
843 615 899 652 his
926 616 972 653 C.
1002 615 1157 653 Fusium
1186 614 1249 651 Ci·

97 681 190 719 tam,
212 674 413 711 honestum
433 676 600 725 equitem
626 677 853 720 Romanum,
880 676 943 726 qui
965 675 1018 712 rei
1037 675 1247 711 frumenta-

99 733 177 771 riae
187 736 297 784 jussu
318 736 491 772 Caesaris
506 738 702 787 praeerat)
723 736 972 781 interficiunt,
989 736 1166 785 bonaque
1183 748 1248 772 eo-

98 808 183 832 rum
215 795 411 845 diripiunt.
465 796 655 835 Celeriter
672 797 720 833 ad
739 810 871 834 omnes
891 796 1040 834 Galliae
1071 796 1247 834 civitates

96 855 198 893 fama
227 856 430 906 perfertur.
485 857 599 903 Nam,
628 857 693 894 ubi
713 859 835 907 major
854 865 970 907 atque
989 856 1170 894 illustrior
1191 857 1248 893 in-

96 916 189 954 cidit
208 929 282 962 res,
316 917 483 954 clamore
502 930 572 968 per
590 930 702 967 agros
731 918 984 968 regionesque
1004 917 1247 967 significant:

94 976 198 1014 hunc
219 977 281 1014 alii
298 977 481 1028 deinceps
500 978 714 1028 excipiunt,
735 986 775 1015 et
789 979 973 1028 proximis
993 978 1171 1020 tradunt;
1201 985 1244 1015 ut

97 1044 178 1075 tum
198 1038 352 1076 accidit.
390 1051 491 1083 nam,
512 1052 608 1089 quae
629 1039 780 1076 Genabi
798 1039 945 1076 oriente
965 1039 1044 1075 sole
1064 1045 1174 1088 gesta
1188 1051 1247 1076 es-

93 1106 193 1144 sent,
226 1106 315 1136 ante
335 1099 496 1149 primam
517 1099 731 1136 confectam
760 1099 929 1148 vigiliam
949 1099 988 1135 in
1006 1098 1147 1134 finibus
1170 1099 1248 1135 Ar·-

96 1172 302 1197 vernorum
321 1159 453 1197 audita
471 1166 584 1197 sunt:
612 1159 716 1209 quod
729 1158 894 1210 spatium
914 1166 973 1195 est
992 1158 1151 1195 millium
1171 1160 1245 1195 cir-

95 1220 193 1258 citer
211 1231 304 1257 CLX.

143 1281 215 1319 IV.
271 1280 393 1318 Simili
407 1280 554 1318 ratione
569 1280 621 1317 ibi
637 1279 950 1330 Vercingetorix,
972 1279 1114 1317 Celtilli
1129 1280 1243 1326 filius,

93 1342 307 1388 Arvernus,
336 1355 507 1379 summae
526 1341 723 1392 potentiae
743 1341 980 1386 adolescens,
1009 1343 1117 1391 cujus
1137 1350 1246 1392 pater

91 1401 348 1454 principatum
365 1400 515 1438 Galliae
530 1400 648 1437 totius
665 1400 897 1446 obtinuerat,
913 1407 952 1438 et
968 1401 1016 1438 ob
1032 1413 1116 1438 eam
1133 1414 1243 1439 caus·

89 1476 184 1509 sam,
218 1463 322 1513 quod
340 1475 502 1512 regnum
521 1463 741 1513 appetebat,
774 1463 820 1499 ab
841 1462 997 1500 civitate
1016 1470 1098 1500 erat
1124 1463 1242 1501 inter-

88 1523 229 1569 fectus,
249 1523 468 1561 convocatis
488 1523 564 1560 suis
584 1523 802 1568 clientibus,
831 1523 943 1560 facile
971 1536 1037 1560 eos
1055 1524 1240 1561 incendit.

95 1584 264 1634 Cognito
284 1584 366 1633 ejus
386 1583 558 1628 consilio,
574 1583 622 1620 ad
642 1595 747 1620 arma
761 1584 1025 1621 concurritur:
1044 1585 1091 1621 ab
1113 1583 1243 1622 Goba-

90 1644 253 1689 nitione,
282 1651 418 1694 patruo
437 1656 520 1689 suo,
540 1643 773 1693 reliquisque
792 1643 1042 1694 principibus,
1063 1645 1126 1694 qui
1140 1644 1240 1682 hanc

96 1705 321 1744 tentandam
340 1705 535 1742 fortunam
553 1717 630 1742 non
651 1705 936 1750 existimabant,
966 1706 1174 1756 expellitur
1193 1719 1244 1743 ex
1281 1727 1289 1733 -

88 1767 230 1818 oppido
251 1766 458 1816 Gergovia.
486 1779 562 1802 non
593 1765 741 1803 destitit
766 1774 907 1811 tamen,
939 1774 1054 1817 atque
1074 1767 1112 1803 in
1139 1767 1240 1817 agris

91 1828 209 1865 habet
223 1827 406 1865 dilectum
426 1827 622 1877 egentium
642 1839 687 1863 ac
707 1826 958 1876 perditorum.
997 1827 1085 1865 Hac
1105 1835 1242 1865 coacta

91 1900 221 1933 manu,
248 1900 496 1938 quoscunque
515 1886 594 1924 adit
613 1899 662 1924 ex
681 1887 850 1932 civitate,
885 1886 933 1924 ad
952 1900 1058 1925 suam
1084 1895 1239 1925 senten-

89 1950 182 1987 tiam
197 1949 394 1999 perducit:
412 1949 602 1993 hortatur,
617 1954 660 1985 ut
675 1947 888 1985 communis
901 1947 1090 1986 libertatis
1105 1960 1242 1986 caussa

91 2023 197 2049 arma
227 2009 402 2060 capiant:
432 2008 658 2060 magnisque
687 2008 832 2046 coactis
852 2008 974 2059 copiis
1005 2009 1241 2047 adversarios

91 2083 194 2116 SUOS,
210 2070 388 2120 aquibus
402 2069 531 2120 paullo
550 2077 639 2107 ante
658 2077 739 2106 erat
758 2069 920 2119 ejectus,
937 2070 1098 2120 expellit
1117 2083 1167 2107 ex
1187 2070 1241 2107 ei-

90 2132 223 2170 vitate.
277 2130 364 2168 Rex
378 2131 425 2167 ab
445 2130 523 2167 suis
537 2129 776 2181 appellatur:
804 2130 963 2168 dimittit
983 2143 1138 2181 quoquo
1159 2143 1243 2167 ver-

94 2205 158 2230 sus
169 2191 403 2243 legationes:
423 2191 650 2236 obtestatur,
670 2198 712 2227 ut
731 2189 770 2226 in
785 2190 862 2227 fide
882 2198 1076 2228 maneant.
1128 2191 1242 2228 Cele-

95 2251 189 2289 riter
206 2251 278 2289 sibi
299 2250 485 2298 Senones,
512 2250 693 2297 Parisios,
713 2249 909 2297 Pictones,
930 2251 1142 2300 Cadurcos,
1162 2251 1242 2289 Tu·

174 2312 285 2350 ΤοΜ.
304 2311 337 2351 1.
699 2310 739 2348 U
