1556 2683
295 236 369 276 172
598 236 674 274 DE
703 236 883 274 BELLO
913 236 1159 275 GALLICO

291 339 348 377 uti
367 352 548 377 numerus
563 340 758 391 legionum
775 348 950 378 constare
970 341 1178 378 videretur.
1217 340 1304 386 His,
1325 352 1437 391 quam

291 400 512 451 longissime
528 410 698 452 possent,
718 402 899 452 progredi
910 402 1039 451 jussis,
1060 415 1176 453 quum
1192 403 1270 450 jam
1291 414 1340 438 ex
1361 401 1438 440 diei

290 468 464 513 tempore
501 465 763 512 conjecturam
785 471 955 513 caperet,
985 463 1022 500 in
1045 470 1170 500 castra
1197 470 1437 512 perventum,

290 523 424 561 iisdem
444 523 615 569 sublicis,
637 536 795 574 quarum
815 536 901 574 pars
921 524 1078 561 inferior
1098 523 1249 572 integra
1264 535 1438 560 remane-

289 584 369 630 bat,
390 592 547 635 pontem
568 584 727 622 reficere
743 585 884 635 coepit.
940 585 1130 622 Celeriter
1149 584 1286 622 effecto
1307 597 1436 635 opere,

288 645 585 696 legionibusque
615 646 859 691 transductis,
889 654 928 683 et
947 646 1034 683 loco
1056 646 1190 683 castris
1211 646 1350 683 idoneo
1370 646 1436 683 de-

288 706 405 751 lecto,
439 706 604 757 reliquas
632 707 762 757 coplas
788 707 994 743 revocavit.
1049 706 1364 756 Vercingetorix,
1398 718 1438 742 re

288 767 458 817 cognita,
479 781 527 805 ne
547 775 682 805 contra
700 780 805 805 suam
821 768 1059 804 voluntatem
1079 767 1262 804 dimicare
1278 779 1436 816 cogere-

286 835 363 872 tur,
385 829 532 878 magnis
553 829 753 866 itineribus
772 829 992 866 antecessit.

339 889 524 926 XXXVI.
565 890 707 927 Caesar
727 902 774 926 ex
796 902 843 926 eo
862 889 949 926 loco
969 889 1111 939 quintis
1133 889 1266 926 castris
1288 888 1439 939 Gergo-

285 949 386 986 viam
405 949 606 1000 pervenit3
634 949 880 999 equestrique
901 950 1047 999 proelio
1067 962 1114 987 eo
1140 950 1201 987 die
1220 950 1294 986 levi
1319 949 1438 995 facto,

284 1018 490 1062 perspecto
510 1011 614 1048 urbis
634 1011 722 1055 situ,
743 1023 856 1060 quae,
876 1011 1001 1060 posita
1031 1010 1067 1046 in
1094 1010 1279 1048 altissimo
1294 1017 1439 1056 monte,

285 1085 417 1109 omnes
447 1072 573 1109 aditus
606 1071 778 1109 difficiles
823 1071 1004 1116 habebat,
1056 1072 1104 1108 de
1150 1071 1439 1122 expugnatione

286 1133 524 1184 desperavit:
552 1133 600 1170 de
621 1132 840 1170 obsessione
860 1145 935 1168 non
957 1132 1062 1183 prius
1081 1133 1274 1181 agendum
1295 1133 1439 1169 consti-

284 1194 373 1240 tuit,
405 1207 519 1245 quam
538 1207 619 1231 rem
635 1193 923 1230 frumentariam
958 1194 1191 1243 expedisset.
1248 1194 1303 1230 At
1341 1193 1437 1231 Ver-

284 1255 517 1305 cingetorix,
548 1255 682 1293 castris
711 1268 829 1305 prope
850 1255 1032 1305 oppidum
1065 1255 1102 1291 in
1131 1261 1263 1292 monte
1290 1255 1438 1305 positis,

283 1317 542 1355 mediocribus
574 1316 721 1353 circum
750 1328 790 1352 se
811 1315 1019 1352 intervallis
1039 1316 1243 1366 separatim
1265 1316 1435 1366 singula-

282 1392 367 1416 rum
401 1378 599 1416 civitatum
629 1377 758 1428 copias
790 1367 1069 1419 collocaveram
1097 1384 1227 1427 atque,
1261 1377 1438 1415 omnibus

282 1444 367 1491 eJus
382 1439 467 1490 jugi
484 1438 646 1476 collibus
666 1438 879 1488 occupatiS,
901 1451 977 1488 qua
995 1437 1141 1488 despici
1161 1445 1328 1488 poterat,
1348 1439 1439 1476 hor-

279 1501 430 1538 ribilem
451 1500 619 1551 speciem
639 1499 874 1550 praebebat:
905 1499 1175 1550 principesque
1202 1513 1332 1537 earum
1347 1501 1438 1538 civi-

282 1569 421 1607 tatum,
455 1575 550 1612 quos
578 1561 648 1598 sibi
675 1560 724 1597 ad
749 1560 949 1598 consilium
971 1561 1201 1611 capiendum
1222 1561 1436 1611 delegerat,

279 1623 404 1674 prima
422 1624 510 1660 luce
526 1622 697 1674 quotidie
713 1622 763 1659 ad
782 1635 821 1658 se
839 1623 1002 1671 jubebat
1022 1622 1324 1668 convenire‚seu
1345 1624 1438 1674 quid

281 1684 661 1729 communicandum,
693 1696 760 1720 seu
792 1683 884 1733 quid
912 1682 1254 1720 administrandum
1287 1683 1436 1722 videre-

280 1754 368 1783 tur:
396 1759 522 1796 neque
554 1745 674 1782 ullum
703 1743 783 1781 sere
819 1745 920 1781 diem
946 1744 1239 1789 intermittebat,
1273 1745 1365 1795 quin
1396 1758 1437 1783 e-

281 1808 426 1859 questri
446 1807 607 1858 proelio,
634 1806 847 1856 interjectis
868 1805 1089 1856 sagittariis,
1109 1805 1199 1855 quid
1223 1806 1260 1842 in
1281 1820 1434 1858 quoque

280 1877 381 1907 esset
401 1868 517 1907 animi
544 1882 590 1906 ac
616 1868 768 1905 virtutis
800 1881 970 1912 suorum,
989 1867 1309 1917 periclitaretur.=
1343 1867 1438 1905 Erat

279 1945 300 1968 e
321 1931 480 1981 regione
500 1929 631 1981 oppidi
653 1929 761 1967 collis
781 1930 850 1966 sub
871 1929 961 1979 ipsis
990 1928 1182 1966 radicibus
1211 1929 1366 1974 montis,
1395 1942 1434 1966 e-

278 1994 411 2043 gregie
445 1992 629 2036 munitus,
658 1998 773 2041 :itque
806 2004 856 2028 ex
890 1990 993 2027 omni
1012 1997 1121 2041 parte
1154 1991 1434 2034 circumcisus;

283 2055 421 2105 (quern
454 2053 483 2089 si
518 2058 696 2090 tenerent
716 2052 850 2098 nostri,
883 2058 921 2088 et
942 2065 1063 2102 aquae
1083 2065 1223 2102 inagna
1241 2060 1363 2102 parte,
1396 2059 1436 2090 et

274 2115 522 2166 pabulatione
539 2114 672 2159 libera,
692 2113 921 2164 prohibituri
943 2113 1073 2150 hostes
1089 2113 1339 2163 videbantur)
1364 2114 1432 2151 sed

276 2178 306 2213 is
338 2176 447 2213 locus
480 2174 672 2226 praesidio
703 2174 815 2212 abiis
844 2188 920 2211 non
950 2174 1060 2210 nimis
1079 2174 1188 2211 firmo
1217 2175 1432 2212 tenebatur.

275 2238 425 2274 Tamen
446 2237 600 2275 silentio
621 2236 745 2274 noctis
764 2236 904 2272 Caesar
924 2249 973 2272 cx
995 2236 1128 2273 castris
1144 2248 1334 2285 egressus,
1354 2236 1431 2286 pri-

275 2312 434 2348 usquam
450 2298 620 2335 subsidio
637 2310 685 2334 ex
704 2297 847 2348 oppido
863 2297 982 2334 veniri
999 2304 1142 2347 posset,
1152 2298 1305 2347 dejecto
1321 2309 1430 2348 ρι’-αρτ
