1556 2683
298 226 372 261 134
576 222 650 260 DE
689 220 868 259 BELLO
908 218 1151 258 GALLICO

291 326 354 372 t1s,
374 326 480 363 novis
499 338 569 376 per
588 326 791 363 Caesarem
811 322 1054 374 comparatis,
1085 320 1188 372 quod
1219 319 1273 366 hi,
1307 319 1371 370 qui
1390 332 1431 357 se

290 387 340 424 ad
359 400 491 424 eorum
510 386 715 424 amicitiam
734 392 1052 435 aggregaverant,
1082 383 1240 422 meliore
1270 383 1434 420 conditi-

293 460 366 485 one
386 455 501 498 atque
530 447 710 498 aequiore
738 447 898 496 imperio
917 459 957 483 se
977 445 1033 482 uti
1051 444 1247 490 videbant,
1278 443 1435 494 reliquis

290 509 405 546 rebus
425 521 570 554 eorum,
590 508 727 558 gratia,
759 507 947 557 dignitate
977 505 1223 555 amplificata,
1258 504 1428 554 Sequani

288 569 547 619 principatum
567 569 802 605 dimiserant.
855 567 902 603 In
917 579 1048 603 eorum
1063 565 1192 602 locum
1213 564 1325 602 Remi
1344 577 1433 602 suc-

289 637 484 668 cesserant
500 646 509 673 ;
537 643 632 680 quos
651 629 753 680 quod
772 629 985 678 adaequare
1001 626 1104 676 apud
1120 626 1325 663 Caesarem
1345 638 1434 676 gra-

289 692 344 729 tia
372 691 672 740 intelligebatur,
693 690 731 735 ii,
765 689 828 740 qui
848 695 1005 739 propter
1036 693 1186 724 veteres
1218 686 1437 724 inimicitias

288 752 394 788 nullo
409 751 523 788 modo
543 764 631 788 cum
654 749 801 786 Aeduis
820 747 1004 798 conjungi
1023 752 1218 796 poterant,
1237 759 1279 783 se
1300 745 1434 783 Remis

288 812 328 849 in
348 812 566 849 clientelam
586 811 780 848 dicabant.
817 809 902 846 Hos
918 808 971 845 illi
990 807 1195 857 diligenter
1214 807 1438 844 tuebantur.

287 872 350 909 Ita
364 879 403 909 et
422 884 558 908 novam
579 879 618 908 et
638 878 797 921 repente
817 870 1021 907 collectam
1036 867 1305 905 auctoritatem
1327 873 1438 904 tene-

292 934 398 970 bant.
454 932 512 970 Eo
531 941 612 969 tum
631 939 734 969 statu
754 944 814 969 res
833 937 929 975 erat,
957 936 1000 966 ut
1017 929 1131 978 longe
1150 928 1343 979 principes
1369 927 1437 965 ha-

293 995 480 1032 berentur
500 993 642 1039 Aedui,
662 991 874 1031 secundum
889 991 1018 1028 locum
1033 988 1230 1040 dignitatis
1244 988 1356 1026 Remi
1372 989 1439 1026 ob-

293 1055 475 1093 tinerent.

338 1116 451 1153 XIII.
471 1142 477 1147 -
505 1116 550 1153 In
570 1115 673 1153 omni
694 1114 820 1152 Gallia
837 1126 968 1151 eorum
986 1111 1198 1156 hominum,
1219 1109 1283 1161 qui
1303 1109 1433 1159 aliquo

291 1185 381 1214 sunt
399 1189 559 1214 numero
575 1184 689 1226 atque
704 1175 864 1219 honore,
885 1185 1028 1223 genera
1043 1179 1131 1209 sunt
1147 1172 1235 1209 duo.
1254 1183 1341 1208 nam
1356 1170 1439 1220 ple-

288 1237 356 1274 bes
377 1249 496 1287 paene
517 1248 710 1273 servorum
730 1235 894 1272 habetur
912 1234 1012 1278 low,
1044 1245 1142 1283 quae
1174 1244 1242 1282 per
1274 1243 1315 1268 se
1346 1229 1441 1267 nihil

289 1297 419 1342 audet,
456 1304 494 1333 et
520 1296 624 1333 nullo
656 1295 860 1332 adhibetur
890 1293 1060 1331 consilio.
1097 1292 1293 1342 Plerique,
1320 1304 1439 1342 quum

289 1366 359 1396 aut
380 1370 467 1395 aere
486 1357 623 1402 alieno,
653 1364 719 1394 aut
737 1355 1001 1405 magnitudine
1019 1354 1265 1399 tributorum,
1297 1360 1364 1390 aut
1383 1353 1441 1390 in-

282 1419 384 1469 juria
402 1418 676 1469 potentiorum,
696 1423 936 1467 premuntur,
970 1428 1052 1453 sese
1072 1415 1110 1451 in
1129 1414 1353 1451 servitutem
1379 1413 1437 1451 di-

289 1487 380 1517 cant
407 1479 610 1516 nobilibus.
664 1479 710 1515 In
736 1478 806 1515 hos
825 1477 960 1515 eadem
976 1476 1104 1513 omnia
1117 1482 1206 1513 sunt
1219 1477 1320 1525 jura,
1342 1487 1441 1526 quae

289 1539 454 1578 dominis
475 1539 513 1576 in
534 1552 675 1577 servos.
729 1538 807 1576 Sed
826 1538 874 1575 de
889 1537 946 1574 his
961 1537 1111 1574 duobus
1128 1536 1333 1587 generibus
1348 1536 1442 1574 alte-

289 1614 373 1638 rum
395 1608 453 1637 est
472 1600 679 1646 Druidum,
700 1600 863 1637 alterum
885 1598 1098 1649 Equitum..
1135 1597 1196 1634 Illi
1215 1598 1329 1635 rebus
1345 1597 1439 1635 divi-

291 1662 348 1698 nis
369 1661 572 1707 intersunt,
613 1661 798 1698 sacrificia
816 1660 972 1711 publica
989 1672 1035 1696 ac
1054 1659 1201 1709 privata
1219 1666 1442 1710 procurant,

292 1722 497 1772 religiones
517 1722 831 1772 interpretantur.
874 1721 940 1758 Ad
958 1720 1027 1757 hos
1043 1733 1204 1771 magnus
1219 1721 1442 1759 adolescen-

292 1783 387 1820 tium
400 1796 582 1821 numerus
598 1783 821 1833 disciplinae
837 1794 971 1819 caussa
985 1781 1179 1819 concurrit
1193 1797 1202 1826 3
1221 1794 1440 1832 magnoque

292 1843 318 1880 ii
338 1852 425 1881 sunt
444 1844 546 1894 apud
566 1857 631 1881 eos
652 1844 809 1881 honore.
829 1855 915 1880 nam
932 1842 1012 1879 fere
1028 1842 1076 1879 de
1091 1842 1268 1879 omnibus
1283 1850 1439 1879 contro-

288 1904 434 1951 versiis,
464 1905 627 1955 publicis
653 1904 900 1955 privatisque,
921 1902 1184 1946 constituunt;
1218 1911 1270 1949 et,
1290 1903 1320 1940 si
1341 1903 1445 1954 quod

289 1974 348 2003 est
366 1966 570 2003 admissum
591 1966 752 2011 facinus,
772 1965 802 2002 si
823 1965 960 2003 caedes
990 1963 1106 2010 facta,
1131 1964 1163 2001 si
1183 1964 1230 2001 de
1250 1965 1444 2002 heredita-

293 2034 347 2071 te,
379 2026 409 2062 si
440 2026 487 2063 de
506 2025 659 2072 finibus,
698 2024 959 2063 controversia
977 2032 1047 2070 est,
1067 2025 1182 2062 iidem
1203 2025 1438 2070 decernunt;

294 2086 462 2136 praemia
480 2099 700 2137 poenasque
721 2085 984 2123 constituunt:
1014 2084 1045 2121 si
1075 2084 1141 2135 qui
1173 2092 1239 2122 aut
1268 2086 1440 2135 privatus

294 2155 359 2183 aut
379 2147 555 2197 publicus
575 2160 708 2184 eorum
728 2147 884 2184 decreto
918 2159 994 2183 non
1013 2145 1133 2192 stetit,
1166 2146 1363 2184 sacrificiis
1383 2146 1440 2183 in·

294 2207 501 2245 terdicunt.
531 2208 641 2244 Haec
658 2219 782 2257 poena
797 2206 899 2256 apud
912 2219 976 2244 eos
996 2212 1054 2243 est
1073 2206 1303 2256 gravissima.
1343 2205 1441 2248 Qui-

290 2267 362 2306 bus
381 2268 434 2306 ita
452 2276 510 2307 est
539 2268 799 2315 interdictum,
831 2267 857 2305 ii
876 2279 1036 2305 numero
1067 2267 1271 2319 impiorum
1290 2279 1335 2306 ac
1354 2279 1439 2307 sce·
