1556 2683
262 275 311 309 222
558 269 631 308 DE
672 268 850 306 BELLO
890 268 1134 307 GALLICO

261 388 341 412 rem
363 387 477 412 curae
496 374 681 412 futuram:
710 385 887 423 magnam
907 385 947 410 se
965 373 1108 409 habere
1126 383 1246 422 spem,
1276 379 1315 409 et
1334 372 1402 410 be-

262 435 403 474 neficio
423 449 491 473 suo
512 443 551 473 et
581 435 810 473 auctoritate
843 434 1066 478 adductum,
1104 432 1341 470 Ariovistum
1359 433 1404 469 fi-

260 510 350 534 nem
371 497 517 547 injuriis
535 497 741 534 facturum.
795 495 883 532 Hac
903 495 1075 532 oratione
1094 494 1238 539 habita,
1267 494 1396 532 conci-

259 559 351 595 lium
372 559 526 597 dimisit.
581 557 632 595 Et
650 557 861 595 secundum
882 569 926 593 ea
952 556 1095 593 multae
1114 568 1173 592 res
1193 568 1280 592 eum
1311 556 1402 592 hor-

260 620 453 664 tabantur,
491 631 608 669 quare
639 618 710 655 sibi
737 631 821 655 eam
841 630 920 654 rem
953 617 1196 666 cogitandam
1216 623 1255 653 et
1285 615 1403 653 susci-

257 680 437 730 piendam
469 687 621 730 putaret
638 693 646 716 ε
685 678 882 729 imprimis,
920 677 1023 728 quod
1057 677 1230 721 Aeduos,
1265 676 1403 713 fratres

259 741 642 792 consanguineosque
674 752 949 791 saepenumero
969 752 991 776 a
1009 745 1145 775 senatu
1173 738 1401 789 appellatos,

259 802 295 838 in
316 803 499 840 servitute
519 808 635 852 atque
655 801 691 837 in
707 801 851 838 ditione
870 800 1024 837 videbat
1043 799 1325 836 Germanorum
1346 806 1403 836 te-

258 864 355 909 neri,
384 875 593 913 eorumque
614 862 766 900 obsides
785 874 868 898 esse
888 861 990 911 apud
1012 860 1248 897 Ariovistum
1267 873 1312 898 ac
1334 861 1402 898 Se-

259 937 419 974 quanos,
457 923 718 973 intelligebat:
758 923 875 973 quod,
909 922 948 958 in
969 928 1076 958 tanto
1096 922 1256 972 imperio
1275 922 1408 973 populi

259 985 439 1032 Romani,
459 985 719 1035 turpissimum
739 984 810 1021 sibi
830 990 869 1020 et
888 983 1124 1033 reipublicae
1144 995 1228 1020 esse
1244 982 1404 1020 arbitra-

256 1047 383 1084 batur.
436 1045 638 1083 Paullatim
653 1052 781 1082 autem
798 1044 1013 1082 Germanos
1029 1056 1284 1081 consuescere
1300 1044 1403 1081 Rhe-

257 1120 351 1145 num
371 1108 546 1153 transire‚
576 1114 614 1144 et
634 1107 672 1143 in
693 1106 857 1143 Galliam
877 1118 1055 1156 magnam
1075 1118 1210 1142 eorum
1228 1105 1402 1142 multitu-

257 1169 385 1206 dinem
405 1169 551 1215 venire,
579 1168 721 1219 populo
756 1167 931 1204 Romano
950 1167 1209 1217 periculosum
1229 1166 1406 1203 videbat:

256 1242 383 1280 neque
402 1230 473 1266 sibi
501 1229 674 1266 homines
692 1229 794 1266 feros
830 1241 875 1265 ac
912 1229 1094 1265 barbaros
1122 1234 1405 1278 temperaturos

256 1290 514 1336 existimabat,
535 1290 639 1340 quin,
654 1304 770 1341 quum
790 1302 942 1327 omnem
956 1289 1121 1326 Galliam
1133 1290 1403 1339 occupassent,

256 1359 299 1389 ut
319 1359 407 1389 ante
428 1352 573 1389 Cimbri
606 1351 853 1402 Teutonique
880 1351 1075 1395 fecissent,
1108 1350 1147 1386 in
1167 1350 1407 1400 provinciam

256 1414 422 1460 exirent,
453 1421 568 1465 atque
589 1414 677 1452 inde
709 1414 747 1451 in
775 1414 926 1451 Italiam
958 1413 1259 1457 contenderent3
1295 1425 1406 1463 prae-

255 1475 387 1513 sertim
407 1489 523 1526 quum
558 1475 756 1526 Sequanos
775 1488 798 1512 a
816 1474 1011 1525 provincia
1031 1481 1161 1511 nostra
1194 1473 1406 1511 Rhodanus

255 1536 465 1574 divideret:
503 1537 640 1587 quibus
666 1537 780 1574 rebus
810 1549 923 1587 quam
958 1536 1181 1573 maturrime
1200 1548 1406 1573 occurren-

255 1599 345 1636 dum
365 1599 539 1648 putabat.
592 1598 680 1648 Ipse
701 1605 830 1635 autem
851 1596 1068 1634 Ariovistus
1088 1602 1216 1634 tantos
1235 1596 1305 1633 sibi
1332 1595 1407 1646 spi-

255 1660 365 1706 ritus,
385 1667 533 1697 tantam
553 1659 825 1709 arrogantiam,
844 1665 1044 1704 sumserat,
1073 1665 1115 1695 ut
1133 1657 1315 1694 ferendus
1329 1670 1407 1694 non

254 1721 462 1758 videretur.

307 1783 492 1819 XXXIV.
548 1783 808 1824 Quamobrem
845 1781 989 1832 placuit
1009 1781 1058 1827 ei,
1095 1788 1146 1818 ut.
1156 1781 1205 1818 ad
1233 1780 1403 1817 Ariovis-

254 1852 337 1882 tum
356 1844 505 1894 legatos
524 1844 709 1889 mitteret,
738 1843 801 1894 qui
830 1843 877 1880 ab
897 1855 943 1880 eo
963 1841 1216 1893 postularent,
1247 1841 1303 1878 uti
1339 1842 1407 1878 ali-

253 1918 369 1955 quem
401 1905 544 1951 locum,
582 1904 750 1941 medium
777 1904 989 1953 utriusque,
1025 1902 1218 1953 colloquio
1237 1902 1406 1940 diceret:

252 1966 351 2003 velle
364 1979 448 2004 sese
462 1966 509 2003 de
526 1966 724 2016 republica
736 1973 775 2003 et
794 1965 951 2002 summis
970 1966 1168 2015 utriusque
1187 1965 1303 2002 rebus
1319 1977 1407 2002 cum

253 2039 299 2064 eo
319 2040 448 2076 agere.
502 2026 550 2063 Ei
565 2026 750 2077 legationi
770 2025 987 2063 Ariovistus
1003 2025 1224 2076 respondit:
1254 2024 1294 2062 Si
1316 2025 1408 2075 quid

253 2087 323 2137 ipsi
344 2100 366 2125 a
386 2087 549 2125 Caesare
565 2100 661 2138 opus
678 2095 792 2133 esset,
811 2099 895 2124 sese
915 2087 964 2124 ad
983 2099 1070 2124 eum
1089 2093 1292 2123 venturum
1311 2086 1405 2122 fuis-

253 2160 293 2184 se
310 2164 318 2190 3
346 2147 375 2185 si
396 2148 488 2198 quid
506 2149 569 2185 ille
588 2161 611 2186 a
629 2161 670 2185 se
689 2148 795 2194 velit,
816 2148 921 2184 illum
937 2147 985 2185 ad
1005 2160 1045 2185 se
1065 2147 1193 2184 venire
1214 2154 1405 2197 oportere.

253 2207 460 2247 Praeterea
479 2223 519 2247 se
539 2222 665 2261 neque
684 2209 765 2246 sine
779 2209 955 2245 exercitu
975 2208 1012 2245 in
1030 2221 1095 2245 eas
1113 2215 1241 2258 partes
1256 2206 1405 2244 Galliae

252 2269 380 2306 venire
400 2272 557 2316 audere,
594 2283 687 2321 quas
716 2271 857 2309 Caesar
884 2269 1111 2320 possideret,
1148 2282 1274 2320 neque
1293 2281 1404 2306 exer-

252 2329 370 2381 citum
403 2331 485 2369 sine
513 2344 654 2382 magno
674 2338 907 2378 commeatu,
934 2338 1051 2382 atque
1070 2331 1344 2377 emolumento,
1364 2329 1403 2366 in
