1556 2683
279 234 352 270 142
559 230 633 267 DE
674 229 852 268 BELLO
892 228 1136 266 GALLICO

273 347 419 381 eorum,
440 341 479 372 et
498 347 636 384 magna
655 334 853 371 velocitas:
883 345 1008 383 neque
1027 330 1186 377 homini,
1211 342 1338 381 neque
1361 329 1420 367 fen

274 408 353 441 rae,
387 408 498 446 quam
519 395 806 446 conspexerint,
833 401 1009 444 parcunt.
1063 392 1148 429 Hos
1177 390 1346 428 studiose
1364 390 1421 427 fo-

275 455 355 493 veis
374 463 507 506 captos
526 455 772 492 interficiunt.
830 454 919 490 Hoc
940 466 980 490 se
999 453 1128 490 labore
1146 451 1286 488 durant
1301 450 1422 488 homi-

276 528 345 553 nes
364 515 643 561 adolescentes,
672 523 788 565 atque
818 515 893 551 hoc
913 526 1055 563 genere
1073 511 1286 549 venationis
1313 523 1425 548 exer-

277 585 390 620 cent;
420 584 472 622 et,
493 576 557 627 qui
576 576 760 626 plurimos
780 589 828 613 ex
849 574 906 611 his
925 573 1216 619 interfecerunt,
1236 571 1366 609 relatis
1385 571 1424 608 in

277 638 474 689 publicum
496 637 689 682 cornibus,
710 649 807 687 quae
826 636 901 673 sint
920 634 1154 680 testimonio,
1174 646 1351 683 magnam
1370 632 1426 670 fe-

278 707 367 736 runt
386 698 551 735 laudem.
606 698 682 735 Sed
712 698 941 735 adsuescere
960 696 1009 733 ad
1036 695 1227 741 homines,
1259 702 1299 731 et
1318 706 1425 731 man-

277 759 443 806 suefieri,
463 773 511 796 ne
531 759 678 810 parvuli
698 759 852 810 quidem
872 757 1028 808 excepti
1047 763 1220 807 possunt.
1276 754 1426 806 Ampli-

279 820 373 857 tudo
394 833 595 865 cornuum,
625 827 664 856 et
683 819 819 869 figura,
847 826 887 855 et
905 817 1067 868 species,
1098 814 1260 852 multum
1292 827 1316 850 a
1340 826 1428 850 nos-

279 889 426 918 trorum
457 881 572 917 boum
594 880 774 917 cornibus
804 878 942 916 differt.
1000 877 1112 914 Haec
1140 875 1309 913 studiose
1337 887 1428 911 con-

281 941 422 992 quisita
437 942 483 979 ab
500 941 615 978 labris
635 947 796 991 argento
816 938 1138 984 circumcludunt,
1159 943 1275 986 atque
1295 935 1334 972 in
1349 948 1429 973 am-

284 1001 462 1052 plissimis
482 1001 603 1052 epulis
623 1014 692 1052 pro
712 1000 861 1052 poculis
880 1007 1053 1037 utuntur.

333 1063 484 1100 XXIX.
539 1062 693 1108 Caesar,
712 1069 915 1112 postquam
935 1075 1002 1112 per
1023 1060 1146 1099 Ubios
1166 1059 1430 1110 exploratores

282 1124 486 1174 comperit,
525 1123 670 1160 Suevos
703 1136 785 1161 sese
818 1123 856 1160 in
887 1123 998 1160 silvas
1024 1121 1231 1172 recepisse,
1264 1119 1433 1170 inopiam

279 1185 463 1222 frumenti
483 1185 641 1231 veritus,
662 1186 778 1235 quod,
799 1191 841 1221 ut
855 1197 971 1235 supra
983 1182 1341 1227 demonstravimus,
1362 1181 1432 1217 mi-

281 1247 384 1283 nime
405 1259 535 1284 omnes
556 1246 741 1283 Germani
760 1245 1018 1296 agriculturae
1037 1243 1208 1289 student,
1229 1242 1430 1280 constituit

281 1321 359 1344 non
376 1307 557 1357 progredi
576 1307 750 1356 longius:
779 1307 860 1352 sed,
881 1319 929 1343 ne
950 1305 1105 1343 omnino
1123 1312 1269 1342 metum
1289 1302 1434 1340 reditus

282 1368 340 1404 sui
361 1369 530 1405 barbaris
550 1368 715 1413 tolleret,
736 1376 851 1418 atque
874 1375 914 1404 ut
935 1380 1068 1404 eorum
1087 1365 1230 1403 auxili‘a
1250 1364 1436 1411 tardaret,

283 1429 446 1467 reducto
468 1429 657 1475 exercitu,
686 1436 835 1479 partem
854 1429 1029 1465 ultimam
1050 1426 1191 1478 pontis,
1212 1438 1311 1477 quae
1332 1426 1433 1477 ripas

282 1490 474 1529 Ubiorum
496 1492 760 1541 contingebat,
781 1491 818 1527 in
835 1489 1116 1540 longitudinem
1136 1488 1278 1539 pedum
1293 1499 1357 1533 cc,
1377 1501 1436 1525 re-

284 1553 439 1599 scindit,
471 1561 586 1604 atque
621 1553 660 1589 in
687 1560 861 1589 extremo
881 1559 998 1602 ponte
1018 1550 1153 1588 turrim
1174 1549 1434 1587 tabulatorum

283 1624 332 1650 lv
359 1613 574 1658 constituit,
608 1612 917 1663 praesidiumque
947 1612 1166 1650 cohortium
1195 1623 1273 1657 ΧΗ,
1308 1610 1438 1661 pontis

287 1674 420 1711 tuendi
441 1687 588 1719 caussa,
617 1674 739 1724 ponit,
760 1673 985 1723 magnisque
1005 1686 1092 1709 eum
1108 1673 1237 1709 locum
1257 1672 1437 1709 munitio-

285 1735 397 1772 nibus
412 1735 551 1773 firmat.
594 1735 641 1771 Ei
661 1735 747 1772 loco
762 1734 1029 1785 praesidioque
1046 1734 1091 1771 C„
1110 1733 1329 1771 Volcatium
1345 1733 1438 1770 Tul-

284 1796 364 1833 lum
383 1797 668 1834 adolescentem
689 1795 899 1846 praefecit:
925 1795 1020 1846 ipse,
1041 1808 1158 1845 quum
1178 1802 1438 1832 maturescere

284 1857 479 1894 frumenta
494 1858 722 1908 inciperent,
742 1856 792 1894 ad
806 1856 947 1894 bellurn
971 1855 1205 1906 Ambiorigis
1224 1855 1436 1905 profectus,

286 1930 356 1968 per
384 1917 635 1955 Arduennam
651 1918 797 1963 silvam,
818 1930 915 1967 quae
937 1925 995 1954 est
1010 1917 1128 1954 totius
1148 1916 1297 1953 Galliae
1317 1916 1438 1954 maxi-

287 1991 363 2024 ma,
396 1986 512 2029 atque
531 1980 578 2017 ab
598 1980 690 2030 ripis
721 1979 848 2016 Rheni
872 1978 1087 2028 finibusque
1116 1977 1362 2014 Trevirorum
1389 1977 1438 2015 ad

288 2039 452 2076 Nervios
472 2041 653 2089 pertinet,
681 2040 924 2091 millibusque
944 2039 1106 2089 amplius
1127 2051 1153 2075 D
1174 2038 1212 2075 in
1231 2038 1440 2088 longitudi-

293 2114 380 2138 nem
401 2108 521 2150 patet,
541 2101 587 2138 L.
607 2101 826 2139 Minucium
847 2101 1013 2138 Basilum
1036 2114 1123 2138 cum
1140 2099 1242 2137 omni
1262 2099 1437 2150 equitatu

287 2162 511 2213 praemittit,
531 2163 562 2200 si
582 2163 671 2214 quid
702 2164 900 2201 celeritate
918 2163 1079 2208 itineris,
1107 2170 1223 2213 atque
1252 2169 1436 2212 opportu-

288 2223 409 2263 nitate
425 2224 620 2275 temporis,
639 2223 828 2275 proficere
847 2223 983 2275 possit3
1011 2229 1156 2269 monet,
1176 2228 1218 2260 ut
1233 2220 1341 2272 ignes
1356 2220 1438 2259 fieri
