1556 2683
559 247 724 285 LIBER
778 247 825 284 V.
1198 250 1268 287 107

128 352 309 403 dederat)
332 351 497 389 millibus
516 364 694 402 passuum
714 364 735 389 c
749 350 1058 389 continebantur.
1112 349 1199 399 Ipse
1215 349 1270 386 in-

128 405 266 460 tereas
281 414 409 464 quoad
426 413 597 464 legiones
630 414 836 456 collocatas
866 412 1088 462 munitaque
1114 411 1272 449 hiberna

127 475 387 525 cognovisset,
408 474 446 511 in
466 474 593 511 Gallia
611 474 750 511 morari
770 474 981 511 constituit.

180 535 307 572 XXV.
363 534 457 572 Erat
475 534 513 571 in
534 534 766 572 Carnutibus
784 547 932 572 summo
952 534 1037 572 loco
1053 542 1165 572 natus
1180 534 1272 571 Tas-

127 595 278 646 getius;
298 596 407 645 cujus
426 596 590 644 majores
603 595 640 631 in
659 607 729 632 sua
748 595 901 632 civitate
917 607 1078 644 regnum
1098 595 1274 632 obtinue-

125 663 224 693 rant.
278 655 385 693 Huic
405 655 559 701 Caesar,
584 668 653 705 pro
673 657 754 704 ejus
773 655 928 700 virtute,
948 662 1064 706 atque
1089 656 1127 692 in
1147 669 1187 692 se
1206 656 1273 693 be-

127 716 361 762 nevolentia,
396 716 499 767 quod
519 716 557 752 in
589 717 764 753 omnibus
795 716 905 754 bellis
931 716 1112 767 singulari
1132 718 1215 766 ejus
1234 729 1274 753 o-

126 789 219 827 pera
239 777 367 814 fuerat
385 790 489 823 usus,
509 780 695 827 majorum
714 778 841 816 locum
862 777 1095 815 restituerat.
1149 777 1275 815 Terti-

130 850 195 874 um
218 839 296 887 jam
317 837 420 875 hunc
439 851 581 875 annum
601 846 826 887 regnantem
847 838 1004 884 inimici,
1036 840 1114 888 jam
1148 838 1276 875 multis

128 899 254 950 palam
268 912 318 936 ex
338 898 492 936 civitate
511 898 746 944 auctoribus,
762 911 849 936 euni
866 899 1155 937 interfecerunt.
1195 899 1275 936 De-

127 960 250 997 fertur
282 972 328 997 ea
360 972 421 997 res
453 959 502 996 ad
539 960 757 997 Caesarem.
810 959 895 1006 Ille,
928 961 1085 1006 veritus,
1106 961 1210 1011 quod
1229 961 1278 997 ad

126 1020 255 1071 plures
274 1020 506 1070 pertinebat,
537 1033 585 1056 ne
618 1020 751 1058 civitas
780 1033 913 1057 eorum
942 1021 1108 1071 impulsu
1135 1021 1277 1058 defice-

125 1088 198 1127 ret,
236 1081 283 1118 L.
317 1081 500 1118 Plancum
530 1094 617 1118 cum
636 1081 788 1131 legione
808 1094 858 1118 ex
880 1082 1015 1132 Belgio
1041 1082 1221 1120 celeriter
1239 1083 1279 1119 in

127 1141 317 1180 Carnutes
353 1142 543 1193 proficisci
558 1143 683 1191 jubet,
713 1142 842 1193 ibique
873 1143 1040 1181 hiemare
1056 1159 1064 1187 ;
1099 1156 1279 1193 quorum-

130 1217 204 1254 que
238 1217 356 1255 opera
394 1203 618 1254 cognoverit
652 1203 874 1253 Tasgetium
910 1204 1171 1250 interfectum,
1209 1206 1279 1242 hos

127 1266 429 1317 comprehensos
448 1265 498 1302 ad
516 1278 556 1302 se
575 1264 742 1302 mittere.
789 1265 948 1303 Interim
964 1266 1010 1303 ab
1027 1266 1204 1303 omnibus
1223 1267 1278 1303 le-

126 1327 226 1377 gatis
242 1327 600 1378 quaestoribusque,
615 1326 752 1376 quibus
766 1326 939 1376 legiones
955 1327 1177 1373 tradiderat,
1195 1341 1277 1365 cer-

128 1388 204 1425 tior
222 1387 348 1425 sactus
364 1395 435 1433 est,
451 1387 489 1423 in
504 1387 667 1424 hiberna
680 1395 921 1437 perventum,
934 1387 1139 1438 locumque
1152 1388 1277 1426 hiber-

128 1450 188 1487 nis
209 1462 293 1487 esse
313 1449 515 1486 munitum.
811 1451 816 1456 ”

184 1510 330 1548 XXVI.
369 1510 517 1547 Diebus
537 1509 691 1548 circiter
710 1522 781 1557 xv,
801 1511 938 1562 quibus
958 1510 996 1548 in
1010 1511 1173 1549 hiberna
1187 1526 1278 1550 ven-

128 1581 212 1611 tum
245 1580 318 1618 est,
350 1572 499 1609 initium
531 1572 722 1622 repentini
754 1574 941 1610 tumultus
972 1586 1018 1611 ac
1051 1573 1281 1612 defectionis

129 1642 257 1672 ortum
278 1642 337 1672 est
354 1634 401 1671 ab
434 1633 660 1684 Ambiorige
679 1641 719 1671 et
738 1634 955 1672 Cativolco:
984 1634 1063 1685 qui,
1094 1649 1211 1686 quum
1231 1637 1282 1673 ad

128 1695 224 1733 fines
244 1696 354 1746 regni
369 1695 428 1733 sui
442 1695 584 1732 Sabino
601 1695 819 1746 Cottaeque
835 1704 987 1746 praesto
1006 1695 1182 1743 fuissent,
1201 1697 1280 1735 fru-

129 1764 378 1808 mentumque
398 1757 437 1793 in
456 1756 617 1794 hiberna
635 1758 992 1808 comportavissent‚
1018 1757 1281 1796 Induciomari

129 1818 278 1856 Treviri
297 1818 448 1856 nunciis
479 1817 645 1868 impulsi,
673 1831 762 1856 suos
782 1819 1100 1862 concitaverunt;
1136 1820 1280 1858 subito-

129 1892 205 1931 que
225 1879 416 1931 oppressis
450 1879 703 1929 lignatoribus
733 1892 873 1930 magna
912 1893 1028 1918 manu
1057 1888 1182 1918 castra
1213 1895 1281 1933 op-

132 1949 345 1992 pugnatum
360 1947 561 1979 venerunt.
616 1942 744 1982 Quum
758 1941 936 1979 celeriter
954 1943 1074 1979 nostri
1094 1956 1200 1981 arma
1219 1957 1281 1981 ce-

131 2004 290 2054 pissent,
310 2002 527 2053 vallumque
546 2002 851 2048 adscendissent,
877 2011 1007 2054 atque,
1028 2017 1104 2041 una
1123 2017 1173 2041 ex
1193 2018 1279 2056 par-

131 2071 171 2102 te
192 2063 377 2114 Hispanis
396 2064 588 2115 equitibus
608 2063 767 2110 emissis,
787 2065 955 2115 equestri
970 2065 1117 2116 proelio
1133 2067 1280 2117 superi-

134 2138 219 2163 ores
238 2125 422 2169 fuissent;
452 2125 654 2176 desperata
682 2138 737 2171 re,
770 2125 900 2163 hostes
919 2127 966 2163 ab
993 2128 1279 2178 oppugnatione

132 2199 220 2224 suos
246 2186 498 2224 reduxerunt.
553 2186 653 2224 Tum
685 2200 754 2225 suo
785 2200 892 2225 more
926 2188 1279 2236 conclamaverunt,

134 2247 191 2286 uti
210 2248 325 2300 aliqui
343 2261 395 2287 ex
413 2247 554 2287 nostris
573 2248 621 2287 ad
641 2248 876 2299 colloquium
890 2249 1112 2300 prodirent;
1136 2251 1280 2289 habere
