1556 2683
568 305 732 344 LIBER
785 304 818 342 Ι.
1223 308 1271 343 31

136 408 394 448 testimonium
413 423 509 456 esse,
541 409 658 460 quod,
677 408 745 446 nisi
765 414 933 458 rogatus,
959 419 1035 443 non
1055 407 1215 453 venerit,
1235 407 1276 444 et

134 471 237 521 quod
255 472 396 509 bellum
416 484 492 509 non
512 470 695 516 intulerit,
727 469 795 507 sed
819 467 1046 506 defenderit.
1101 467 1151 505 Se
1170 469 1276 518 prius

133 532 172 570 in
191 531 355 570 Galliam
373 531 535 577 venisse,
566 543 678 581 quam
697 529 879 581 populum
901 528 1116 565 Romanum
1135 544 1145 572 ;
1177 542 1274 565 nun-

133 606 245 642 quam
264 600 354 630 ante
372 592 446 629 hoc
461 600 611 642 tempus
626 591 839 629 exercitum
853 590 983 641 populi
1001 590 1164 627 Romani
1181 591 1275 628 Gal-

129 653 202 690 liae
221 653 437 704 provinciae
455 652 549 690 fines
568 664 777 701 egressum.
830 651 933 693 Quid
945 651 1015 688 sibi
1033 651 1149 689 vellet
1166 652 1178 689 ?
1201 665 1271 689 cur

131 713 169 749 in
199 726 285 750 suas
303 713 561 763 possessiones
580 711 753 749 veniret?
785 710 1019 762 provinciam
1038 724 1144 748 suam
1172 712 1273 748 hanc

130 786 213 811 esse
232 774 412 820 Galliam,
443 773 544 811 sicut
562 773 663 811 illam
693 780 873 810 nostram.
929 772 984 810 Ut
1014 772 1083 822 ipsi
1113 773 1273 810 concedi

131 848 208 873 non
239 842 449 886 oporteret,
480 835 511 871 si
531 835 568 871 in
598 842 747 871 nostros
776 834 871 870 fines
901 833 1085 884 impetum
1116 833 1278 880 faceret,

131 895 186 934 sic
211 896 349 934 iterum
369 908 437 933 nos
457 908 539 933 esse
558 895 722 945 iniquos,
752 894 817 945 qui
835 894 874 930 in
893 907 962 931 suo
986 895 1073 943 jure
1093 907 1133 931 se
1159 894 1276 932 inter-

130 956 370 1006 pellaremus.
424 956 538 999 Quod
555 956 693 993 fratres
720 969 743 993 a
760 962 896 993 senatu
915 955 1075 992 Aeduos
1104 956 1273 1006 appella·

133 1024 192 1054 tos
211 1017 381 1061 diceret3
408 1029 486 1054 non
515 1029 556 1054 se
586 1024 662 1054 tam
691 1016 908 1061 barbarum,
937 1027 1062 1066 neque
1094 1023 1172 1053 tam
1204 1016 1274 1054 im-

133 1078 297 1127 peritum
315 1091 398 1116 esse
417 1091 557 1123 rerum,
588 1085 629 1114 ut
647 1090 723 1114 non
739 1077 868 1121 sciret,
900 1089 1025 1126 neque
1045 1076 1147 1114 bello
1167 1077 1276 1114 Allo-

132 1139 294 1188 brogum
314 1137 489 1188 proximo
522 1137 680 1174 Aeduos
702 1137 882 1175 Romanis
914 1136 1097 1174 auxilium
1129 1137 1275 1184 tulisse,

132 1212 258 1250 neque
277 1199 377 1249 ipsos
397 1199 435 1235 in
454 1198 512 1235 his
532 1199 856 1243 contentionibus,
882 1211 974 1249 quas
994 1197 1122 1235 Aedui
1142 1212 1273 1236 secum

132 1268 172 1298 et
191 1273 277 1298 cum
300 1259 484 1310 Sequanis
509 1259 744 1304 habuissent,
777 1259 920 1296 auxilio
950 1258 1081 1310 populi
1116 1258 1276 1296 Romani

133 1334 219 1359 usos
238 1333 332 1359 esse.
386 1320 541 1358 Debere
570 1333 610 1357 se
635 1320 835 1371 suspicari,
864 1320 1039 1358 simulata
1072 1320 1274 1358 Caesarem

131 1382 313 1428 amicitia,
342 1381 445 1433 quod
476 1381 691 1419 exercitum
720 1381 759 1418 in
792 1381 919 1420 Gallia
949 1381 1103 1426 habeat,
1132 1382 1191 1419 sui
1210 1395 1277 1432 op-

131 1443 319 1496 primendi
356 1456 489 1480 caussa
523 1443 677 1480 habere.
732 1443 808 1485 Qui
843 1442 915 1480 nisi
946 1442 1124 1488 decedat,
1160 1450 1277 1494 atque

130 1505 342 1543 exercitum
361 1504 527 1542 deducat
546 1516 595 1541 ex
614 1504 671 1541 his
689 1503 925 1554 regionibus,
957 1517 1040 1542 sese
1059 1504 1165 1541 illum
1195 1518 1272 1542 non

134 1579 204 1616 pro
219 1565 357 1611 amico,
376 1565 444 1602 sed
462 1578 531 1615 pro
543 1564 667 1611 hoste,
685 1565 904 1602 habiturum
919 1578 928 1601 ε
948 1565 1051 1615 quod
1065 1565 1094 1603 si
1114 1579 1200 1603 eum
1219 1566 1277 1603 in-

135 1626 344 1672 terfecerit,
379 1625 507 1663 multis
538 1638 621 1663 sese
653 1625 845 1663 nobilibus
872 1625 1184 1676 principibusque
1208 1640 1276 1677 po-

133 1686 213 1738 puli
233 1686 396 1724 Romani
423 1694 573 1737 gratum
605 1700 687 1724 esse
705 1686 910 1724 facturum.
963 1686 1010 1723 ld
1039 1699 1080 1724 se
1110 1687 1156 1724 ab
1186 1687 1276 1738 ipsis

132 1761 200 1799 per
218 1760 351 1785 eorum
366 1747 525 1785 nuncios
538 1755 776 1798 compertum
796 1748 937 1784 habere
952 1763 961 1791 ;
981 1761 1141 1798 quorum
1155 1749 1275 1791 omui·

132 1822 197 1846 um
215 1809 377 1859 gratiam
395 1816 511 1859 atque
530 1809 735 1847 amicitiznn
755 1811 837 1859 ejus
852 1817 974 1847 morte
990 1809 1175 1847 redimere
1192 1824 1278 1860 pos-

132 1878 202 1908 set.
239 1870 353 1911 Quod
367 1870 397 1907 si
413 1870 652 1916 decessisset,
668 1878 706 1907 et
717 1870 876 1907 liberam
893 1871 1167 1920 possessionem
1183 1871 1275 1908 Gal-

132 1931 205 1969 liae
223 1931 293 1968 sibi
312 1930 543 1977 tradidisset,
568 1944 708 1982 magno
727 1945 767 1969 se
787 1931 892 1968 illum
911 1933 1081 1982 praemio
1100 1946 1277 1970 remune-

134 1999 317 2038 raturum,
348 1999 399 2037 et,
433 2005 684 2043 quaecunque
702 1993 803 2030 bella
821 1992 904 2042 geri
922 1993 1051 2040 vellet,
1087 1994 1169 2034 sine
1200 1994 1277 2032 uilo

133 2054 214 2103 ejus
232 2053 362 2090 labore
382 2060 421 2090 et
439 2053 612 2103 periculo
632 2053 911 2092 confecturum.

184 2113 307 2150 XLV.
361 2113 487 2151 Multa
504 2115 551 2152 ab
572 2115 737 2153 Caesare
765 2115 803 2152 in
823 2128 907 2153 eam
925 2117 1154 2154 sententiam
1174 2116 1277 2154 dicta

133 2182 235 2220 sunt,
272 2187 389 2224 quare
408 2176 563 2225 negotio
596 2176 780 2214 desistere
809 2190 885 2214 non
915 2185 1058 2228 posset,
1095 2185 1134 2215 et
1153 2191 1278 2228 neque

132 2248 240 2272 suam
270 2248 394 2286 neque
427 2236 558 2287 populi
578 2237 742 2275 Romani
762 2239 1079 2276 consuetudinem
1099 2239 1192 2289 pati,
1222 2239 1277 2276 uti

136 2295 277 2345 optime
296 2297 451 2334 meritos
475 2298 599 2335 socios
617 2299 837 2343 desereret;
873 2313 998 2350 neque
1017 2313 1058 2337 se
1088 2299 1277 2349 judicare,

135 2356 296 2395 Galliam
328 2358 452 2408 potius
472 2371 553 2397 csse
574 2360 771 2406 Ariovisti,
804 2370 917 2412 quam
949 2360 1081 2411 populi
1102 2361 1277 2399 Romani.
