1556 2683
297 225 371 261 130
580 221 654 258 DE
696 220 874 258 BELLO
917 221 1160 260 GALLICO

294 331 545 374 cognoscunt.
598 323 738 361 Positis
758 324 891 362 castris
909 337 932 361 a
958 324 1124 361 millibus
1154 336 1331 374 passuum
1363 337 1434 371 xv,

294 386 439 423 auxilia
458 386 739 423 Germanorum
759 392 986 435 exspectare
1003 384 1257 422 constituunt.
1295 384 1435 423 Labie-

295 459 380 492 nus,
410 446 577 483 hostium
593 446 751 496 cognito
772 445 945 491 consilio,
964 458 1120 495 sperans
1136 445 1352 482 temeritate
1372 459 1436 483 eo-

294 520 377 543 rum
396 506 479 544 fore
499 507 662 557 aliquam
683 505 890 542 dimicandi
908 505 1144 552 facultatem,
1163 505 1353 555 praesidio
1372 518 1436 543 co-

292 567 460 605 hortium
479 581 502 604 v
521 566 806 617 impedimentis
825 565 975 611 relicto,
997 579 1084 603 cum
1104 577 1181 602 xxv
1202 566 1438 612 cohortibus,

291 640 511 678 magnoque
530 627 718 678 equitatu,
752 636 889 665 contra
906 626 1056 664 hostem
1075 626 1354 677 proficiscitur;
1385 633 1439 672 et,

293 699 326 723 Μ
346 701 524 738 passuum
541 688 758 726 intermisso
773 687 911 738 spatio,
925 695 1049 725 castra
1068 686 1290 725 communit.
1345 686 1439 724 Erat

292 749 393 786 inter
407 749 622 787 Labienum
641 757 757 800 atque
771 748 921 786 hostem
938 747 1080 785 difficili
1100 747 1263 785 transitu
1278 747 1437 794 flumen,

292 810 460 861 ripisque
479 810 707 861 praeruptis.
761 809 851 846 Hoc
872 821 997 859 neque
1017 808 1098 859 ipse
1118 808 1278 845 transire
1299 808 1337 845 in
1357 809 1438 846 ani-

291 883 355 908 mo
387 870 567 917 habebat,
604 883 730 921 neque
760 870 891 906 hostes
923 869 1152 906 transituros
1182 868 1439 906 existimabat.

293 932 524 982 Augebatur
554 931 783 970 auxiliorum
811 930 982 981 quotidie
1015 942 1114 980 spes.
1180 929 1373 980 Loquitur
1402 931 1439 967 in

291 993 451 1030 consilio
470 993 608 1044 palam,
634 992 825 1034 Quoniam
845 990 1031 1028 Germani
1052 991 1360 1041 appropinquare
1382 991 1438 1028 di-

291 1061 443 1100 cantur,
479 1066 561 1091 sese
582 1066 669 1091 suas
703 1053 975 1103 exercitusque
1004 1051 1178 1089 fortunas
1210 1051 1249 1088 in
1281 1052 1440 1089 dubium

290 1127 368 1152 non
401 1115 691 1159 devocaturum,
725 1120 764 1151 et
796 1120 953 1164 postero
984 1112 1046 1150 die
1065 1113 1188 1163 prima
1207 1113 1295 1151 luce
1315 1121 1441 1152 castra

290 1183 497 1213 moturum.
551 1175 739 1213 Celeriter
771 1175 868 1212 haec
888 1174 936 1211 ad
967 1174 1098 1211 hostes
1118 1173 1359 1220 deferuntur,
1397 1182 1440 1212 ut

291 1248 342 1273 ex
362 1249 504 1286 magno
517 1235 717 1274 Gallorum
732 1235 927 1286 equitatus
943 1248 1104 1272 numero
1123 1235 1328 1273 nonnullos
1344 1234 1438 1273 Gal-

290 1296 374 1334 licis
400 1298 513 1334 rebus
532 1297 662 1334 favere
690 1304 826 1334 natura
845 1297 1022 1346 cogebat.
1076 1296 1284 1342 Labienus,
1317 1303 1439 1334 noctu

290 1357 455 1395 tribunis
473 1357 638 1395 militurn
657 1357 866 1408 primisque
882 1357 1078 1394 ordinibus
1098 1357 1257 1403 coactis,
1276 1357 1368 1408 quid
1383 1357 1441 1395 sui

291 1418 342 1455 sit
361 1418 525 1464 consilii,
545 1419 751 1469 proponit;
784 1426 837 1464 et,
871 1431 947 1469 quo
965 1418 1115 1456 facilius
1134 1419 1307 1456 hostibus
1327 1418 1440 1456 timo-

292 1479 344 1516 ris
363 1479 429 1517 det
441 1479 713 1530 suspicionem,
728 1481 872 1529 majore
888 1479 1050 1530 strepitu
1065 1486 1104 1516 et
1123 1479 1304 1525 tumultu,
1324 1491 1438 1530 quam

292 1540 425 1591 populi
446 1540 610 1578 Romani
628 1539 703 1578 fert
722 1540 977 1585 consuetudo,
1011 1547 1136 1577 castra
1153 1540 1298 1577 moveri
1312 1541 1439 1590 jubet.

292 1601 369 1638 His
400 1602 515 1639 rebus
532 1601 648 1651 fugae
667 1601 828 1638 similem
847 1601 1128 1651 profectionem
1147 1601 1274 1638 efficit.
1327 1601 1442 1639 Haec

292 1675 447 1713 quoque
467 1675 536 1713 per
557 1662 825 1712 exploratores
848 1669 938 1700 ante
952 1663 1093 1709 lucem,
1114 1662 1152 1699 in
1167 1669 1273 1700 tanta
1287 1663 1442 1714 propin-

292 1723 440 1774 quitate
461 1731 688 1769 castrorum,
708 1723 756 1760 ad
775 1723 906 1760 hostes
926 1723 1167 1760 deferuntur.

344 1783 457 1820 VIII.
511 1784 587 1821 Vix
614 1797 752 1834 agmen
786 1783 1033 1821 novissimum
1063 1791 1176 1821 extra
1206 1783 1439 1823 munitiones

290 1851 556 1895 processerat;
593 1858 711 1895 quum
732 1844 849 1890 Galli,
884 1844 1074 1882 cohortati
1094 1844 1194 1882 inter
1213 1858 1267 1890 se,
1286 1858 1335 1882 ne
1355 1859 1442 1897 spe-

291 1911 415 1942 ratam
434 1905 616 1955 praedam
637 1918 686 1941 ex
719 1905 894 1942 manibus
914 1904 1151 1942 dimitterent
1168 1920 1177 1948 ;
1206 1904 1363 1955 longum
1384 1912 1456 1944 es-'

291 1978 347 2011 se,
377 1965 593 2015 perterritis
624 1965 822 2012 Romanis,
856 1965 1139 2003 Germanorum
1169 1966 1354 2004 auxilium
1373 1980 1443 2005 ex·

292 2034 492 2078 spectare;
521 2040 648 2078 neque
668 2040 775 2064 suam
794 2026 874 2077 pati
904 2026 1145 2078 dignitatem,
1178 2029 1221 2065 ut
1240 2028 1356 2065 tantis
1375 2042 1442 2067 co-

292 2088 364 2139 piis
384 2095 462 2125 tam
481 2088 662 2138 exiguam
681 2101 851 2134 manum,
883 2087 1108 2138 praesertim
1127 2087 1356 2138 fugientem,
1387 2098 1444 2127 at-

292 2163 368 2200 que
388 2149 624 2200 impeditam,
644 2148 784 2186 adoriri
804 2161 880 2186 non
900 2147 1089 2192 audeant3
1115 2148 1259 2186 flumen
1280 2150 1442 2188 transire

293 2219 334 2249 et
364 2212 498 2263 iniquo
529 2211 617 2248 loco
649 2209 837 2261 proelium
871 2209 1114 2247 committere
1145 2222 1222 2247 non
1255 2210 1445 2250 dubitant.

297 2273 407 2315 Quae
433 2272 518 2310 fore
549 2272 780 2324 suspicatus,
799 2270 1008 2317 Labienus,
1040 2277 1083 2309 ut
1102 2283 1234 2310 omnes
1254 2271 1352 2311 citra
1369 2272 1443 2311 flu-
