1556 2683
642 278 808 316 LIBER
861 279 895 317 Ι.
1334 288 1362 320 5

202 381 298 420 urbe
318 380 524 432 proficisci,
556 389 609 427 et,
637 395 751 433 quam
781 383 957 420 maximis
986 389 1115 433 potest
1141 383 1357 431 itineribus,

201 442 241 481 in
262 441 427 480 Galliam
447 442 669 481 ulteriorem
690 443 906 489 contendit,
927 451 966 481 ct
986 444 1035 482 ad
1054 443 1253 483 Genevam
1272 459 1359 496 per·

202 502 319 540 venit.
376 502 601 540 Provinciae
633 503 705 540 toti
726 517 839 554 quam
859 504 1068 542 maximum
1098 505 1261 543 militurn
1288 519 1358 544 nu-

200 576 349 601 merum
379 564 563 614 imperat3
596 563 701 616 (erat
720 565 876 603 omnino
898 566 934 602 in
955 565 1083 604 Gallia
1101 566 1282 604 ulteriore
1301 567 1357 604 le-

200 624 265 675 gio
287 625 382 676 una)
404 632 574 676 pontem,
603 626 666 676 qui
687 633 769 664 erat
787 627 836 664 ad
855 626 1069 673 Genevam,
1084 628 1196 677 jubet
1215 628 1360 666 rescin-

201 684 253 721 di.
300 684 377 723 Ubi
396 685 444 722 de
465 687 547 735 ejus
566 685 735 723 adventu
754 685 925 723 Helvetii
941 686 1126 723 certiores
1142 686 1233 723 facti
1253 694 1357 732 sunt,

198 746 348 797 legatos
375 747 424 784 ad
452 759 540 784 eum
575 747 733 784 mittunt
762 747 1020 784 nobilissimos
1040 747 1219 792 civitatis,
1250 749 1359 797 cujus

198 807 404 858 legationis
438 807 621 846 Nameius
642 814 681 846 et
702 808 961 846 Verudoctius
987 808 1201 859 principem
1228 808 1357 845 locum

200 869 444 916 obtinebant,
474 869 539 920 qui
559 869 748 915 dicerent,
768 869 840 906 sibi
860 882 943 906 esse
962 869 1000 906 in
1017 869 1158 916 animo,
1178 870 1260 907 sine
1281 870 1359 907 ullo

201 929 392 968 maleficio
424 931 496 968 iter
514 944 584 982 per
604 930 840 981 provinciam
860 930 1003 978 facere,
1030 939 1236 982 propterea
1254 932 1359 982 quod

199 991 306 1030 aliud
324 992 397 1029 iter
415 992 604 1030 haberent
620 992 767 1029 nullum
783 1006 792 1029 ε
821 1005 974 1044 rogare,
996 1000 1038 1030 ut
1057 994 1141 1043 ejus
1160 993 1358 1031 voluntate

201 1053 243 1091 id
261 1053 333 1091 sibi
352 1053 481 1091 facere
500 1053 628 1091 liceat.
683 1054 839 1100 Caesar,
860 1053 964 1104 quod
982 1054 1169 1091 memoria
1187 1055 1359 1101 tenebat,

200 1115 247 1152 L.
269 1115 443 1153 Cassium
472 1114 670 1152 consulem
690 1115 876 1161 occisum,
897 1115 1190 1165 exercitumque
1210 1116 1292 1165 ejus
1311 1117 1358 1153 ab

200 1176 393 1214 Helvetiis
411 1176 577 1227 pulsum,
589 1184 630 1213 et
644 1177 713 1213 sub
726 1178 863 1227 jugum
877 1177 1048 1222 missum,
1064 1177 1359 1215 concedendum

198 1251 276 1276 non
295 1238 480 1289 putabat:
508 1251 635 1289 neque
655 1238 829 1275 homines
849 1238 1004 1275 inimico
1025 1237 1166 1284 animo,
1194 1239 1284 1276 data
1301 1239 1358 1277 fa-

200 1299 347 1337 cultate
367 1311 437 1350 per
456 1299 693 1349 provinciam
709 1298 856 1335 itineriS
869 1297 1055 1342 faciundi,
1076 1306 1358 1349 temperaturos

199 1361 247 1398 ab
267 1360 407 1411 injuria
426 1367 465 1397 et
492 1359 683 1397 maleficio
703 1359 961 1396 existimabat.
1001 1359 1163 1406 Tamen,
1184 1367 1226 1397 ut
1240 1361 1358 1411 spati—

202 1435 266 1459 um
282 1421 524 1459 intercedere
540 1428 686 1472 posset,
707 1420 798 1458 dum
813 1420 967 1466 milites,
981 1434 1076 1471 quos
1091 1421 1359 1472 imperaverat,

201 1483 470 1529 convenirent,
496 1482 633 1532 legatis
658 1481 871 1532 respondit,
894 1481 994 1519 diem
1015 1495 1055 1519 se
1075 1482 1124 1519 ad
1143 1482 1358 1521 deliberan-

201 1544 293 1582 dum
313 1550 555 1587 sumturum;
596 1542 627 1580 si
648 1542 741 1594 quid
758 1542 915 1588 vellent,
946 1555 980 1580 a.
1000 1543 1037 1580 d.
1057 1542 1149 1580 Idus
1182 1543 1280 1594 Apr.
1299 1558 1361 1583 re-

202 1611 459 1642 verterentur.

252 1666 365 1702 V111.
418 1666 575 1704 Interea
595 1679 640 1703 ea
669 1666 838 1717 legione,
871 1679 983 1717 quam
1015 1679 1147 1703 secum
1177 1666 1359 1714 habebat,

199 1727 480 1778 militibusque,
501 1728 566 1778 qui
579 1741 628 1765 ex
642 1728 843 1779 provincia
858 1734 1132 1773 convenerant,
1147 1740 1169 1765 a
1180 1727 1267 1765 lacu
1282 1728 1359 1766 Le-

199 1802 357 1836 manno,
378 1790 442 1840 qui
462 1789 501 1826 in
520 1789 666 1826 flumen
692 1789 926 1826 Rhodanum
946 1787 1086 1834 influit,
1106 1789 1155 1826 ad
1187 1797 1359 1827 montem

199 1851 225 1889 J
230 1864 352 1896 uram,
389 1850 455 1901 qui
488 1850 583 1887 fines
616 1850 884 1901 Sequanorum
916 1849 964 1886 ab
998 1849 1190 1886 Helvetiis
1209 1849 1360 1897 dividit,

200 1912 320 1949 millia
338 1925 520 1963 passuum
540 1912 676 1950 decem
695 1925 847 1958 novem,
885 1925 1037 1949 murum
1057 1912 1096 1948 in
1116 1911 1359 1949 altitudinem

200 1973 343 2024 pedum
363 1973 549 2020 sedecim,
568 1974 786 2025 fossamque
804 1972 996 2023 perducit.
1051 1972 1110 2010 Eo
1137 1986 1253 2024 opere
1272 1987 1359 2023 per·

200 2034 320 2080 fecto,
340 2034 531 2085 praesidia
550 2034 731 2085 disponit,
753 2034 912 2072 castella
927 2034 1154 2080 communit,
1170 2047 1245 2084 quo
1266 2034 1358 2073 faci-

198 2096 287 2141 lius,
307 2096 338 2133 si
357 2109 398 2134 se
415 2095 534 2133 invito
549 2096 709 2134 transire
726 2103 974 2142 conarentur,
994 2096 1200 2146 prohibere
1213 2105 1358 2146 posset.

200 2158 280 2196 Ubi
296 2170 342 2195 ea
356 2158 451 2204 dies,
472 2171 587 2208 quam
608 2158 862 2196 constituerat
880 2171 969 2195 cum
988 2157 1140 2208 legatis,
1169 2158 1288 2203 venit,
1317 2167 1358 2196 et

200 2219 319 2269 legati
338 2219 387 2256 ad
407 2232 496 2257 eum
512 2227 768 2266 reverterunt,
784 2226 915 2270 negat,
936 2232 976 2257 se
995 2232 1102 2257 more
1121 2227 1161 2257 et
1175 2221 1356 2271 exemplo

199 2281 332 2331 populi
364 2281 528 2318 Romani
560 2294 672 2332 posse
691 2280 765 2318 iter
784 2281 851 2318 ulli
870 2294 940 2331 per
970 2281 1208 2331 provinciam
1239 2281 1356 2326 dare3

201 2349 255 2388 et,
285 2341 318 2380 si
344 2341 421 2379 vim
449 2342 581 2381 facere
611 2349 817 2389 conentur,
857 2342 1141 2394 prohibiturum
1175 2343 1355 2381 ostendit.
