1556 2683
325 237 396 273 136
635 233 710 270 DE
747 232 924 270 BELLO
963 231 1205 270 GALLICO

319 345 407 387 post
425 342 587 374 mortem
606 337 767 373 transire
785 336 834 373 ad
852 336 944 373 alios
960 352 969 379 ;
1001 342 1115 386 atque
1135 335 1210 372 hoc
1227 334 1393 373 maxime
1407 334 1456 373 ad

318 397 498 434 virtutem
513 397 670 434 excitari
687 404 837 447 putant,
851 404 956 434 metu
970 396 1102 433 mortis
1117 396 1307 446 neglecto.
1350 396 1457 433 Mul-

316 466 356 495 ta
374 465 572 508 praeterea
591 457 638 494 de
653 457 852 501 sideribus,
868 464 983 507 atque
999 469 1130 494 eorum
1149 463 1269 501 motu,
1285 456 1332 493 de
1347 470 1456 494 mun-

318 519 356 555 di
376 531 420 555 ac
437 526 622 555 terrarum
638 517 913 567 magnitudine,
933 518 980 554 de
995 530 1120 554 rerum
1136 524 1284 561 natura,
1300 517 1348 554 de
1363 518 1455 554 deo-

315 593 399 616 rum
412 579 681 615 immortalium
700 579 736 615 vi
752 591 796 616 ac
815 585 1019 629 potestate,
1042 578 1250 628 disputant,
1270 585 1309 615 et
1323 579 1457 626 juven·

314 640 388 677 tuti
408 640 576 677 tradunt.

366 700 452 737 XV.
508 701 683 737 Alterum
703 712 823 750 genus
843 707 901 737 est
920 699 1115 749 Equitum.
1171 699 1239 745 Hi,
1260 712 1376 749 quum
1396 706 1456 736 est

315 774 420 807 usus,
439 769 554 812 atque
574 761 727 811 aliquod
745 761 887 798 bellum
908 760 1042 797 incidit
1066 760 1190 811 (quod
1209 767 1297 797 ante
1319 761 1457 797 Caesa-

315 822 365 859 ris
384 823 589 860 adventum
608 823 689 859 fere
709 822 910 872 quotannis
929 821 1104 858 accidere
1124 821 1283 865 solebat,
1318 820 1373 857 uti
1392 827 1459 857 aut

315 882 387 932 ipsi
407 882 561 933 injurias
582 882 781 928 inferrent,
813 889 879 919 aut
899 881 1020 918 illatas
1048 879 1351 931 propulsarent,)
1376 894 1455 918 om-

313 955 381 979 nes
411 942 449 978 in
468 942 570 979 bello
590 949 814 985 versantur;
845 949 975 992 atque,
1001 954 1132 978 eorum
1159 948 1200 978 ut
1220 940 1378 990 quisque
1398 949 1457 977 est

313 1015 454 1052 genere
475 1003 670 1053 copiisque
691 1003 955 1053 amplissimus,
976 1002 1027 1038 ita
1047 1001 1230 1052 plurimos
1250 1001 1393 1038 circum
1414 1013 1454 1038 se

313 1065 509 1102 ambactos
529 1065 765 1115 clientesque
798 1064 953 1101 habent.
1007 1062 1122 1100 Hanc
1150 1075 1263 1099 unam
1292 1062 1453 1112 gratiam

313 1125 602 1175 potentiamque
618 1132 819 1162 noverunt.

364 1186 472 1222 XVI.
527 1185 643 1223 Natio
663 1193 720 1223 est
740 1185 862 1223 omnis
882 1185 1082 1223 Gallorum
1098 1184 1304 1221 admodum
1324 1184 1454 1222 dedita

313 1246 583 1296 religionibus;
615 1254 729 1297 atque
750 1247 798 1284 ob
819 1259 901 1283 eam
924 1259 1108 1291 caussam,
1138 1246 1202 1296 qui
1221 1255 1311 1283 sunt
1329 1246 1455 1284 affecti

312 1307 549 1358 gravioribus
582 1308 737 1353 morbis,
770 1308 912 1358 quique
945 1307 982 1344 in
1012 1308 1165 1358 proeliis
1194 1307 1452 1358 periculisque

310 1375 522 1414 versantur,
543 1375 608 1405 aut
626 1381 695 1418 pro
714 1368 876 1405 victimis
894 1369 1067 1406 homines
1093 1369 1304 1415 immolant,
1324 1375 1390 1406 aut
1415 1381 1456 1405 se

310 1429 571 1466 immolaturos
604 1435 759 1475 vovent,
791 1429 1097 1480 administrisque
1126 1430 1175 1466 ad
1207 1443 1251 1467 ea
1269 1429 1456 1467 sacrificia

314 1489 527 1527 Druidibus
547 1497 731 1533 utuntur;
764 1490 879 1540 quod,
900 1503 969 1540 pro
990 1491 1068 1528 vita
1086 1491 1262 1537 hominis,
1296 1491 1366 1527 nisi
1386 1491 1454 1527 ho-

311 1551 422 1587 minis
442 1552 519 1588 vita
537 1551 733 1596 reddatur,
766 1564 842 1588 non
862 1564 974 1601 posse
993 1551 1104 1588 aliter
1122 1551 1280 1588 deorum
1301 1551 1454 1588 immor-

312 1612 445 1649 talium
475 1624 615 1648 numen
635 1612 792 1662 placari,
821 1612 1075 1649 arbitrantur:
1104 1611 1335 1662 publiceque
1355 1614 1458 1662 ejus-

311 1674 397 1711 dem
417 1674 569 1723 generis
589 1673 733 1710 habent
751 1673 925 1710 instituta
950 1672 1145 1710 sacrificia.
1201 1673 1280 1709 Alii
1301 1673 1456 1709 immani

313 1734 577 1784 magnitudine
605 1734 805 1771 simulacra
824 1734 981 1779 habent,
1007 1747 1169 1784 quorum
1198 1740 1382 1771 contexta
1400 1733 1456 1770 vi-

311 1795 476 1832 minibus
508 1796 678 1832 membra
695 1794 789 1832 vivis
820 1794 1036 1832 hominibus
1067 1795 1284 1845 complent;
1317 1794 1455 1844 quibus

311 1854 519 1900 succensis,
540 1855 789 1892 circumventi
809 1855 962 1892 flamma
980 1855 1247 1892 exanimantur
1266 1854 1452 1892 homines.

313 1915 509 1966 Supplicia
527 1928 673 1961 eorum,
707 1916 774 1966 qui
791 1915 829 1952 in
848 1915 964 1960 furto,
995 1923 1061 1953 aut
1079 1916 1117 1952 in
1137 1916 1351 1962 latrocinio,
1385 1924 1451 1953 aut

311 1977 439 2027 aliqua
457 1990 572 2022 noxa,
588 1977 663 2014 sint
679 1977 958 2028 comprehensi,
978 1977 1146 2027 gratiora
1166 1977 1237 2014 diis
1256 1977 1450 2014 immorta-

311 2037 409 2074 libus
429 2050 511 2074 esse
531 2038 786 2075 arbitrantur:
825 2038 904 2083 sed,
934 2051 1049 2088 quum
1070 2039 1151 2088 ejus
1170 2037 1321 2088 generis
1341 2038 1454 2088 copia

311 2098 454 2144 deficit,
488 2099 601 2136 etiam
621 2098 669 2135 ad
689 2099 952 2136 innocentium
971 2099 1155 2150 supplicia
1174 2098 1424 2136 descendunt.

364 2159 493 2196 XVII.
540 2160 669 2196 Deum
698 2160 864 2196 maxime
893 2159 1133 2197 Mercurium
1153 2160 1306 2198 colunt:
1336 2159 1448 2209 hujus

309 2228 398 2257 sunt
427 2221 590 2271 plurima
616 2221 817 2258 simulacra
833 2235 842 2257 ι
879 2221 982 2258 hunc
1013 2221 1181 2258 omnium
1211 2220 1450 2258 inventorem

310 2283 447 2320 artium
465 2281 616 2320 ferunt:
653 2282 757 2319 hunc
775 2283 922 2319 viarum
940 2289 1055 2333 atque
1088 2282 1267 2320 itinerum
1296 2281 1448 2327 ducem,
