1556 2683
529 250 694 288 LIBER
745 250 814 289 VI.
1187 254 1261 295 137

112 352 216 393 liunc
235 353 284 392 ad
298 361 478 405 quaestus
498 354 684 405 pecuniae
699 362 1011 406 mercaturasque
1026 354 1168 393 habere
1183 356 1259 393 vim

111 417 333 463 maximam,
365 416 612 454 arbitrantur.
677 416 772 453 Post
800 416 918 461 hunc,
952 416 1186 467 Apollinem,
1220 426 1258 455 et

112 477 294 523 Martem,
315 485 353 515 et
367 477 519 523 Jovem,
539 484 579 514 et
600 476 826 514 Minervam.
872 476 935 514 De
954 477 1012 514 his
1027 477 1187 515 eandem
1204 476 1259 515 fe-

109 552 164 586 re,
179 552 290 591 quam
305 539 474 590 reliquae
493 547 643 589 gentes,
664 539 808 577 habent
828 538 1074 589 opinionem:
1104 539 1257 590 Apolli-

107 612 195 637 nem
215 600 370 637 morbos
389 599 607 650 depellere;
638 599 855 638 Minervam
875 613 1034 650 operum
1062 607 1178 650 atque
1198 613 1258 638 ar·

107 661 311 700 tificiorum
328 660 435 698 initia
448 661 600 698 tradere
616 677 624 704 ;
643 661 780 699 Jovem
800 661 1002 711 imperium
1030 661 1257 699 coelestium

105 730 263 768 tenere;
295 720 464 760 Martem
493 721 595 760 bella
619 735 768 773 regere.
823 722 942 769 Huic,
972 736 1089 773 quum
1108 723 1257 773 proelio

106 785 290 824 dimicare
309 783 609 830 constituerunt,
640 796 699 831 ea,
729 797 826 835 quae
845 784 946 822 bello
967 785 1154 835 ceperint,
1176 786 1257 837 ple-

104 859 268 898 rumque
281 845 486 884 devovent.
527 846 637 888 Quae
663 846 941 897 superaverint,
968 846 1147 885 animalia
1165 859 1256 898 cap·

105 916 145 946 ta
171 906 394 944 immolant:
420 906 585 957 reliquas
604 919 664 944 res
683 907 722 944 in
742 920 860 944 unum
879 907 1007 946 locum
1035 907 1254 946 conferunt.

105 968 245 1006 Multis
275 968 313 1005 in
339 967 559 1006 civitatibus
578 967 714 1006 harum
735 981 861 1006 rerum
880 976 1102 1007 exstructos
1128 976 1257 1007 tumu-

104 1030 163 1068 los
176 1029 271 1068 locis
290 1029 526 1068 consecratis
547 1029 762 1080 conspicari
787 1029 892 1066 licet.
911 1042 1037 1080 neque
1056 1042 1171 1081 saepe
1191 1043 1255 1068 ac-

104 1091 214 1138 cidit,
245 1098 288 1130 ut
305 1091 485 1142 neglecta
504 1090 693 1141 quispiam
712 1089 913 1140 religione,
933 1098 1000 1127 aut
1020 1098 1134 1141 capta
1152 1091 1255 1142 apud

103 1165 145 1192 se
158 1153 369 1198 occultare,
389 1159 455 1190 aut
468 1152 592 1202 posita
605 1151 755 1197 tollere,
768 1151 930 1189 auderet
946 1168 955 1196 ;
973 1152 1255 1202 gravissimum-

103 1228 178 1267 que
198 1215 233 1253 ei
252 1214 307 1253 rei
327 1213 558 1264 supplicium
577 1226 665 1251 cum
685 1213 861 1251 cruciatu
882 1214 1137 1252 constitutum
1157 1222 1229 1253 est.

153 1276 305 1314 XVIII.
355 1275 459 1313 Galli
489 1288 530 1313 se
550 1287 682 1313 omnes
708 1275 756 1313 ab
786 1274 880 1313 Dite
908 1283 1018 1327 patre
1045 1283 1257 1327 prognatos

100 1338 353 1391 praedicant:
384 1337 500 1388 idque
532 1337 579 1375 ab
613 1337 830 1375 Druidibus
876 1337 1070 1388 proditum
1105 1337 1253 1376 dicunt.

100 1400 164 1438 Ob
183 1412 267 1438 eam
288 1412 462 1438 caussam
483 1399 606 1450 spatia
624 1399 748 1437 omnis
767 1399 964 1449 temporis,
994 1412 1072 1437 non
1092 1412 1254 1447 numero

99 1462 264 1508 dierum,
291 1461 360 1499 sed
379 1461 566 1506 noctium,
597 1460 760 1504 finiunt3
787 1460 869 1497 dies
903 1460 1049 1498 natales
1078 1468 1119 1498 et
1146 1474 1253 1499 men-

98 1523 197 1561 sium
218 1530 258 1561 et
276 1536 464 1560 annorum
485 1522 593 1560 initia
611 1523 666 1560 sic
686 1523 904 1567 observant,
936 1529 979 1559 ut
998 1529 1152 1561 noctem
1172 1523 1254 1560 dies

103 1586 373 1636 subsequatur.
426 1584 472 1622 In
502 1583 659 1635 reliquis
677 1585 780 1621 vitae
800 1580 983 1621 institutis
1002 1583 1078 1622 hoc
1097 1584 1178 1623 fere
1205 1586 1254 1623 ab

98 1646 256 1698 reliquis
274 1645 470 1692 differunt,
491 1646 594 1696 quod
612 1658 700 1683 suos
721 1645 876 1691 liberos,
894 1645 966 1684 nisi
985 1659 1103 1697 quum
1123 1646 1252 1685 adole-

96 1708 236 1753 verint,
265 1714 308 1745 ut
325 1720 465 1745 munus
484 1707 642 1744 militiae
663 1707 853 1745 sustinere
873 1707 1034 1759 possint,
1053 1708 1179 1758 palam
1197 1708 1247 1746 ad

98 1782 140 1807 se
159 1769 266 1807 adire
285 1781 363 1806 non
395 1768 619 1819 patiuntur;
646 1767 842 1819 filiumque
874 1768 1012 1819 puerili
1038 1776 1180 1816 aetate,
1212 1769 1253 1808 in

96 1830 269 1882 publico,
298 1830 339 1867 in
364 1836 578 1880 conspectu
597 1830 717 1880 patris
736 1830 923 1867 adsistere
943 1837 1056 1880 turpe
1088 1829 1250 1871 ducunt.

150 1892 261 1930 XIX.
314 1891 412 1939 Viri,
445 1899 608 1943 quantas
638 1891 823 1943 pecunias
851 1893 899 1930 ab
930 1893 1116 1930 uxoribus
1148 1894 1251 1933 dotis

97 1955 253 1992 nomine
268 1961 523 2005 acceperunt,
544 1962 670 1992 tantas
685 1967 735 1992 ex
750 1955 828 1992 suis
843 1955 967 2002 bonis,
984 1955 1252 1995 aestimatione

99 2015 215 2062 facta,
236 2028 325 2053 cum
345 2015 500 2053 dotibus
521 2016 821 2054 communicant.
881 2016 1011 2067 Hujus
1041 2017 1166 2055 omnis
1184 2030 1252 2068 pe-

97 2076 235 2115 cuniae
263 2078 502 2128 conjunctim
523 2078 620 2116 ratio
638 2078 817 2124 habetur,
849 2078 1077 2129 fructusque
1098 2090 1251 2117 servan-

96 2145 172 2175 tur.
229 2137 327 2176 Uter
346 2151 480 2176 eorum
493 2139 572 2177 vita
589 2139 795 2191 superarit,
827 2140 876 2177 ad
901 2153 989 2178 eum
1007 2152 1094 2191 pars
1112 2141 1253 2180 utrius-

99 2211 175 2249 que
200 2212 291 2237 cum
322 2199 513 2239 fructibus
542 2201 782 2252 superiorum
813 2209 1031 2253 temporum
1062 2201 1252 2252 pervenit.

97 2259 182 2298 Viri
212 2260 252 2298 in
282 2274 439 2309 uxores,
471 2263 585 2301 sicuti
612 2263 652 2300 in
670 2263 826 2310 liberos,
858 2263 959 2301 vitae
980 2263 1163 2315 necisque
1183 2264 1252 2302 ha-

98 2321 192 2361 bent
216 2330 473 2374 potestatem:
506 2331 560 2373 et,
591 2338 711 2378 quum
738 2324 1016 2377 paterfamiliae
1042 2325 1251 2365 illustriore

176 2384 286 2423 ΤοΜ.
315 2385 346 2422 Ι.
701 2385 726 2424 S

1542 575 1556 644 „..-„'-
1550 460 1556 532 ’,ὴ-ι
1550 419 1556 431 2.
1549 355 1553 394 —m
1549 321 1552 326 -
1548 254 1556 273 «η
