1556 2683
534 230 700 270 LIBER
754 233 803 271 V.
1197 238 1262 274 111

125 336 265 373 nullam
284 348 324 373 se
355 336 515 373 salutem
544 335 776 386 perspicere.
836 335 915 373 Res
944 337 1200 387 disputatione
1219 338 1267 375 ad

126 397 290 434 mediam
310 404 463 434 noctem
481 397 715 447 perducitur.
769 396 942 434 Tandem
962 397 1028 434 dat
1048 398 1162 435 Cotta
1180 412 1268 449 per-

123 465 251 495 motus
270 471 425 501 manus;
453 465 607 507 superat
625 457 814 495 sententia
835 457 977 495 Sabini.
1029 458 1268 497 Pronuncia-

126 526 200 564 tur,
236 519 358 569 prima
388 518 475 555 luce
506 518 636 555 ituros.
691 519 936 556 Consumitur
968 519 1103 569 vigiliis
1123 520 1269 570 reliqua

122 592 210 630 pars
230 579 367 625 noctis,
401 592 518 629 quum
539 591 606 615 sua
624 579 784 629 quisque
812 579 920 617 miles
940 579 1268 630 circumspiceret,

124 639 216 690 quid
235 652 364 677 secum
392 646 544 690 portare
563 646 706 689 posset,
735 639 826 690 quid
845 653 894 677 ex
922 639 1176 678 instrumento
1207 641 1264 677 hi-

121 700 327 738 bernorum
362 700 577 750 relinquere
598 708 812 750 cogeretur.
867 700 1008 737 Omnia
1040 700 1266 751 excogitan-

124 769 200 806 tur,
234 774 352 812 quare
380 774 452 799 nec
479 761 560 798 sine
580 761 752 812 periculo
779 768 991 808 maneatur,
1024 768 1063 798 et
1081 761 1266 812 languore

122 822 284 860 militum
304 829 343 860 et
362 822 499 872 vigiliis
518 822 732 872 periculum
764 830 962 873 augeatur.
1022 822 1150 861 Prima
1179 824 1265 862 luce

120 883 175 920 sic
195 895 245 920 ex
266 882 399 921 castris
418 882 726 933 proficiscuntur,
755 889 811 928 ut,
830 882 966 933 quibus
986 891 1087 920 esset
1112 897 1266 934 persua-

122 956 219 990 sum,
253 957 329 982 non
349 944 396 981 ab
416 944 540 988 hoste,
573 943 640 980 sed
659 943 706 979 ab
734 943 890 983 homine
922 944 1148 982 amicissimo
1170 946 1264 982 Am-

120 1004 269 1055 biorige
297 1004 498 1042 consilium
526 1004 671 1049 datum,
699 1003 920 1054 longissimo
950 1005 1114 1055 agmine,
1142 1007 1263 1044 maxi-

119 1065 267 1116 misque
287 1065 582 1116 impedimentis.

168 1126 336 1163 XXXII.
391 1127 446 1163 At
465 1126 608 1172 hostes,
639 1133 887 1177 posteaquam
908 1139 956 1164 ex
976 1135 1165 1165 nocturno
1185 1128 1260 1166 fre-

116 1188 213 1226 mitu
231 1187 445 1238 vigiliisque
465 1187 512 1224 de
531 1186 770 1237 proi'ectione
789 1200 920 1224 eorum
940 1196 1153 1235 senserunt,
1183 1191 1261 1227 col-

117 1249 253 1287 locatis
272 1248 416 1286 insidiis
435 1247 616 1298 bipartito
636 1247 674 1284 in
694 1248 808 1293 silvis,
827 1256 1043 1299 opportuno
1062 1258 1178 1301 atque
1198 1265 1264 1290 oc-

120 1310 224 1348 culto
245 1310 345 1356 low,
358 1323 381 1347 a
394 1309 559 1346 millibus
574 1321 753 1359 passuum
767 1309 920 1346 circiter
936 1322 984 1356 11,
1000 1310 1262 1350 Romanorum

118 1372 323 1409 adventum
344 1371 642 1421 exspectabant:
676 1378 727 1416 et,
748 1384 863 1421 quum
883 1384 923 1408 se
951 1373 1070 1421 major
1089 1386 1176 1423 pars
1195 1386 1261 1424 ag-

115 1433 227 1470 minis
247 1432 285 1469 in
304 1445 482 1482 magnam
513 1431 725 1469 convallem
757 1432 983 1478 demisisset,
1021 1446 1070 1470 ex
1102 1441 1265 1485 utraque

114 1500 222 1545 parte
236 1494 318 1543 ejus
338 1493 444 1530 vallis
462 1493 588 1530 subito
608 1506 648 1530 se
667 1493 931 1538 ostenderunt,
960 1493 1263 1545 novissimosque

116 1567 306 1606 premere,
326 1562 365 1592 et
379 1555 521 1605 primos
535 1554 738 1605 prohibere
753 1554 953 1600 adscensu,
969 1562 1084 1604 atque
1104 1555 1262 1605 iniquis-

112 1615 208 1653 simo
223 1616 361 1653 nostris
380 1616 466 1653 loco
484 1615 670 1666 proelium
691 1615 946 1660 committere,
967 1624 1190 1664 coeperunt.

162 1676 351 1713 XXXIII.
405 1677 505 1714 Tum
524 1676 678 1713 demum
699 1674 884 1720 Titurius,
907 1682 950 1712 ut
970 1675 1034 1726 qui
1054 1676 1149 1713 nihil
1166 1686 1257 1716 ante

111 1738 352 1789 providisset,
372 1738 576 1788 trepidare,
593 1749 836 1782 concursare,
857 1736 1114 1788 cohortesque
1129 1739 1257 1790 dis-po-

111 1812 221 1843 nere3
241 1799 337 1837 haec
353 1807 479 1836 tamen
497 1799 577 1849 ipsa
591 1797 737 1842 timide,
752 1804 867 1848 atque
884 1805 926 1834 ut
942 1810 1028 1835 eum
1046 1799 1173 1837 omnia
1189 1801 1256 1838 de-

111 1859 227 1897 ficere
246 1860 493 1897 viderentur:
522 1859 625 1910 quod
643 1858 871 1909 plerumque
896 1859 940 1896 iis
959 1860 1137 1898 accidere
1167 1876 1258 1900 con-

111 1920 247 1966 suevit,
268 1921 331 1971 qui
351 1921 388 1957 in
406 1921 486 1971 ipso
501 1920 657 1970 negotio
674 1920 874 1957 consilium
895 1934 1034 1972 capere
1055 1930 1258 1972 coguntur.

113 1982 169 2018 At
189 1981 319 2027 Cotta,
340 1982 405 2032 qui
421 1982 629 2032 cogitasset
647 1981 744 2018 haec
763 1994 875 2032 posse
891 1982 928 2018 in
944 1983 1080 2020 itinere
1101 1985 1255 2022 accide-

110 2054 165 2087 re,
193 2050 308 2092 atque
341 2043 389 2080 ob
418 2055 502 2079 eam
533 2054 702 2079 caussam
737 2042 987 2092 profectionis
1015 2052 1152 2081 auctor
1178 2059 1257 2084 non

106 2102 254 2148 fuisset,
285 2103 390 2140 nulla
408 2103 446 2139 in
466 2115 507 2139 rc
534 2103 726 2140 communi
746 2103 858 2140 saluti
879 2104 1024 2150 deerat,
1055 2112 1106 2150 et,
1132 2105 1169 2142 in
1189 2119 1256 2157 ap-

110 2164 297 2214 pellandis
317 2164 639 2213 cohortandisque
654 2163 851 2210 militibus,
872 2164 1124 2215 imperatoris,
1145 2173 1196 2212 et,
1217 2167 1255 2204 in

106 2237 250 2274 pugna,
270 2224 399 2262 militis
420 2225 541 2262 officia
561 2226 790 2275 praestabat.
857 2226 1062 2276 Quumque
1091 2235 1251 2278 propter

113 2284 389 2334 longitudinem
403 2284 565 2335 agminis
584 2284 707 2322 minus
719 2284 832 2322 facile
845 2298 913 2336 per
932 2298 972 2323 se
989 2286 1116 2325 omnia
1135 2288 1256 2335 obire,
