1556 2683
547 250 715 288 LIBER
769 250 818 287 V.
1190 254 1263 294 117

109 367 173 395 ino
192 354 360 394 clamore
380 353 559 399 insecuti,
587 354 694 405 quasi
711 361 820 404 parta
834 355 914 404 jam
930 360 1046 404 atque
1061 354 1265 405 explorata

107 416 283 461 victoria,
318 424 441 453 turres
461 416 755 466 testudinesque
774 428 904 466 agere,
925 423 963 452 et
994 416 1106 453 scalis
1125 417 1264 455 vallum

107 477 360 523 adscendere,
382 485 606 528 coeperunt.
663 478 718 515 At
736 485 844 515 tanta
863 476 1025 514 militum
1047 477 1180 520 virtus,
1207 484 1266 515 at-

107 551 182 588 que
201 551 247 575 ea
266 539 482 588 praesentia
501 538 616 577 animi
637 537 722 584 fuit,
746 545 800 583 ut,
827 550 945 588 quum
966 536 1137 587 undique
1156 537 1265 575 flam-

106 611 168 636 ma
187 605 441 644 torrerentur,
461 599 706 649 maximaque
726 598 891 635 telorum
912 597 1161 634 multitudine
1178 611 1266 648 pre-

104 666 316 704 merentur,
348 672 494 709 suaque
515 659 643 697 omnia
675 659 951 710 impedimenta
982 664 1098 708 atque
1130 670 1265 695 omnes

106 720 281 758 fortunas
314 720 554 771 conflagrare
581 721 859 771 intelligerent,
888 733 964 758 non
995 720 1111 757 modo
1144 719 1265 757 ‹lemi-

104 782 241 832 grandi
261 795 396 820 caussa
415 782 463 820 de
484 783 582 820 vallo
602 782 812 820 decederet
833 795 961 827 nemo,
981 782 1050 819 sed
1068 794 1193 831 paene
1214 793 1262 818 ne

106 844 319 894 respiceret
337 844 492 894 quidem
513 844 736 894 quisquam3
757 856 802 880 ac
818 852 900 880 tuni
920 855 1054 880 omnes
1074 843 1262 879 acerrime

105 906 389 956 fortissimeque
410 913 640 956 pugnarent.
696 905 775 942 Hic
792 905 873 943 dies
889 904 1030 941 nostris
1044 903 1159 954 longe
1175 916 1263 954 gra·

105 968 281 1007 vissimus
301 966 396 1005 fuit:
425 967 493 1005 sed
513 974 642 1004 tamen
658 967 762 1004 hunc
782 966 917 1003 habuit
936 972 1133 1011 eventum,
1153 973 1196 1002 ut
1215 978 1262 1004 eo

106 1030 169 1067 die
189 1029 377 1067 maximus
390 1029 559 1067 hostium
576 1041 759 1066 numerus
774 1029 1058 1073 vulneraretur,
1075 1036 1192 1077 atque
1206 1028 1264 1064 in-

105 1091 361 1136 terficeretur,
395 1097 437 1127 ut
462 1103 502 1127 se
523 1090 592 1128 sub
613 1089 697 1141 ipso
714 1089 814 1126 vallo
846 1088 1171 1138 constipaverant,
1206 1102 1265 1126 re-

107 1165 336 1203 cessumque
357 1152 489 1202 primis
509 1151 633 1190 ultimi
665 1163 743 1188 non
763 1150 918 1188 dabant.
973 1149 1149 1186 Paullum
1181 1149 1265 1201 qui-

105 1214 193 1252 dem
214 1213 431 1251 intermissa
449 1213 616 1258 flamma,
648 1220 687 1250 et
707 1212 873 1262 quodam
893 1211 981 1249 loco
1000 1211 1096 1248 turri
1111 1211 1264 1257 adacta,

105 1282 145 1313 et
159 1275 412 1325 contingente
428 1273 582 1320 vallum,
604 1273 742 1311 tertiae
758 1272 930 1311 cohortis
945 1272 1192 1310 centuriones
1213 1286 1263 1310 ex

106 1349 168 1383 eo,
189 1350 266 1387 quo
286 1336 454 1381 stabant,
474 1335 561 1373 loco
581 1341 840 1378 recesserunt,
872 1346 1039 1384 suosque
1055 1346 1187 1371 omnes
1207 1346 1267 1370 re-

107 1406 312 1436 moverunt
327 1414 336 1441 ;
355 1405 452 1435 nutu
471 1397 708 1446 vocibusque
722 1396 866 1440 hostes,
883 1395 914 1432 si
930 1395 1089 1432 introire
1105 1396 1264 1441 vellent,

107 1472 248 1498 vocare
268 1465 508 1509 coeperunt:
541 1471 703 1508 quorum
726 1457 905 1508 progredi
925 1469 1039 1499 ausus
1059 1464 1119 1494 est
1138 1469 1266 1494 nemo.

109 1520 210 1559 Tum
231 1533 281 1558 ex
298 1519 402 1557 omni
416 1526 526 1570 parte
541 1518 731 1570 lapidibus
748 1517 936 1568 conjectis
952 1516 1161 1563 deturbati,
1182 1524 1263 1554 tur-

107 1582 236 1634 risque
257 1594 446 1620 succensa
464 1587 534 1619 est.

160 1644 305 1682 XLIV.
330 1643 452 1681 Erant
468 1643 507 1679 in
527 1656 572 1681 ea
590 1642 746 1693 legione
759 1640 958 1680 fortissimi
969 1640 1053 1686 viri,
1070 1640 1264 1678 centurio-

107 1717 191 1751 nes,
229 1705 294 1756 qui
308 1705 389 1755 jam
426 1704 559 1755 primis
582 1704 780 1742 ordinibus
813 1702 1181 1753 appropinquarent,
1215 1701 1263 1738 Τ.

107 1766 247 1813 Pulfio,
269 1774 308 1804 et
327 1767 377 1803 L.
394 1766 583 1804 Varenus.
638 1765 693 1802 Hi
709 1773 913 1816 perpetuas
932 1764 1030 1801 inter
1049 1777 1090 1801 se
1110 1772 1265 1802 contro-

107 1828 248 1865 versias
267 1828 477 1874 habebant,
505 1827 660 1878 quinam
693 1826 973 1867 antete1·retur;
1007 1824 1263 1874 omnibusque

106 1890 216 1928 annis
236 1889 284 1927 de.
303 1889 390 1927 loco
409 1889 566 1927 summis
582 1888 838 1926 simultatibus
855 1887 1158 1925 contendebant.
1196 1886 1259 1923 Ex

109 1951 154 1988 iis
173 1951 311 1997 Pulfio,
342 1964 460 2001 quum
479 1951 665 1989 acerrime
684 1950 733 1987 ad
751 1949 984 1989 munitiones
1010 1955 1266 1999 pugnaretur,

110 2012 215 2054 Quid
234 2012 401 2058 dubitas,
432 2012 570 2063 inquit,
591 2012 744 2050 Varene
761 2013 774 2050 ἒ
805 2018 871 2048 aut
891 2024 1006 2062 quem
1024 2011 1154 2048 locum
1176 2023 1263 2060 pro-

109 2073 260 2111 bandae
287 2073 440 2111 virtutis
471 2081 561 2112 tuae
581 2073 762 2125 spectas?
799 2073 864 2111 hic
885 2073 981 2118 dies,
1011 2072 1075 2109 hic
1104 2071 1186 2108 dies
1215 2071 1265 2109 de

111 2134 251 2172 nostris
271 2135 543 2173 controversiis
558 2135 762 2186 judicabit.
817 2134 929 2173 Haec
950 2147 1066 2184 quum
1087 2131 1263 2179 dixisset,

108 2197 286 2247 procedit
305 2204 417 2235 extra
434 2198 667 2235 munitiones
683 2212 692 2240 ;
712 2209 865 2247 quaque
884 2208 971 2247 pars
991 2194 1158 2232 hostium
1172 2207 1264 2232 con-

112 2257 318 2295 fertissima
331 2259 410 2295 visa
429 2265 502 2304 est,
522 2258 560 2295 in
576 2271 660 2296 eam
677 2258 864 2308 irrumpit.
910 2256 971 2294 Ne
987 2256 1162 2293 Varenus
1181 2256 1264 2306 qui-

111 2317 202 2355 dem
219 2325 303 2361 tum
319 2331 404 2357 sese
418 2319 518 2357 vallo
535 2319 723 2365 continet,
742 2319 824 2366 sed,
845 2317 1014 2357 omnium
1034 2316 1180 2356 veritus
1196 2329 1264 2354 ex-
