1556 2683
248 226 297 260 68
557 222 630 259 DE
670 223 848 260 BELLO
889 224 1131 263 GALLICO

248 325 395 362 destres
415 326 558 376 copias,
586 339 679 376 quas
700 327 736 363 in
757 328 927 364 convalle
955 329 990 364 in
1012 327 1156 364 insidiis
1175 327 1386 365 collocave-

247 393 346 430 rant,
367 386 631 424 ostenderunt.
670 387 738 432 Hi,
758 396 907 425 nostros
922 389 1102 438 disjectos
1121 389 1258 434 adorti,
1278 402 1386 439 proe-

245 446 338 483 lium
356 448 598 484 renovixrunt.

296 507 404 544 XXI.
460 508 679 557 Pugnatum
699 515 757 545 est
775 510 853 554 diu,
869 518 984 560 atque
1003 510 1159 553 acriter3
1180 524 1294 560 quum
1317 510 1386 547 So-

244 568 371 615 tiates,
402 569 660 619 superioribus
690 571 859 607 victoriis
884 570 987 615 freti,
1021 571 1057 606 in
1078 583 1144 607 sua
1164 571 1303 607 virtute
1329 579 1386 607 to-

244 631 320 668 tius
342 631 574 681 Aquitaniae
594 631 753 668 salutem
775 632 935 681 positam
960 639 1151 681 putarent,
1182 632 1299 668 nostri
1320 645 1386 668 au-

245 698 337 737 tem,
359 693 450 741 quid
470 692 551 729 sine
571 693 814 742 imperatore,
832 701 868 729 et
889 693 969 729 sine
989 692 1143 742 reliquis
1158 692 1384 742 legionibus,

244 753 533 791 adolescentulo
553 753 665 798 duce,
691 753 842 790 efficere
873 762 1044 803 possent,
1073 754 1238 803 perspici
1270 766 1387 803 cupe-

244 822 353 850 rent:
392 813 561 859 tandem,
585 814 752 850 consecti
773 814 1007 858 vulneribus,
1026 814 1155 850 hostes
1174 821 1283 863 terga
1302 827 1387 851 ver-

243 882 351 912 tere:
385 888 545 925 quorum
566 888 705 924 magno
725 888 885 912 numero
906 874 1123 919 interfecto,
1158 876 1317 913 Crassus
1337 889 1387 913 ex

241 936 379 972 itinere
411 936 593 986 oppidum
614 936 802 973 Sotiatum
823 948 1045 986 oppugnare
1066 936 1217 985 coepit:
1249 936 1386 986 quibus

240 996 393 1033 sortiter
413 997 690 1041 resistentibus,
709 997 838 1033 vineas
857 1005 1058 1045 turresque
1073 997 1165 1045 egit.
1202 996 1276 1041 llli,
1295 997 1388 1035 alias

242 1059 446 1108 eruptione
464 1066 624 1103 tentata,
645 1058 734 1094 alias
754 1057 939 1094 cuniculis
967 1057 1015 1093 ad
1039 1070 1219 1107 aggerem
1240 1058 1387 1095 vineas-

243 1132 318 1169 que
345 1119 454 1164 actis,
485 1121 594 1169 cujus
626 1119 679 1156 rei
709 1127 796 1155 sunt
816 1119 930 1167 longe
950 1118 1165 1168 peritissimi
1187 1118 1388 1168 Aquitani,

240 1187 446 1230 propterea
474 1181 577 1230 quod
597 1180 724 1217 multis
743 1180 837 1217 locis
856 1180 956 1229 apud
990 1192 1055 1216 eos
1074 1179 1241 1216 aerariae
1261 1187 1388 1216 sectu-

240 1254 305 1277 rae
336 1250 450 1284 sunt3
488 1242 551 1278 ubi
586 1242 784 1291 diligentia
813 1245 1027 1277 nostrorum
1062 1240 1155 1276 nihil
1186 1240 1243 1276 his
1273 1241 1386 1278 rebus

241 1303 375 1353 profici
407 1316 517 1353 posse
537 1303 825 1347 intellexerunt,
856 1302 1003 1351 legatos
1023 1301 1071 1338 ad
1091 1301 1269 1338 Crassum
1299 1301 1385 1338 mit-

240 1371 341 1407 tunt,
375 1377 492 1414 seque
524 1365 562 1400 in
583 1364 817 1401 deditionem
848 1370 889 1399 ut
919 1362 1079 1412 recipiat
1097 1368 1247 1412 petunt.
1301 1363 1387 1403 Qua

239 1437 280 1460 re
302 1424 519 1474 impetrata,
551 1438 655 1461 arma
674 1424 825 1461 tradere
842 1424 952 1473 jussi,
973 1423 1130 1460 faciunt.

291 1485 421 1523 XXII.
480 1487 626 1536 Atque,
652 1485 689 1521 in
711 1498 756 1522 ea
775 1498 816 1521 re
837 1484 1005 1521 omnium
1026 1491 1241 1521 nostrorum
1262 1484 1386 1522 inten-

231 1546 287 1584 ‘tis
307 1549 455 1594 animis,
493 1548 566 1585 alia
599 1562 647 1585 ex
674 1554 783 1597 parte
816 1546 946 1596 oppidi
981 1545 1300 1591 Adeantuannus,
1321 1547 1386 1596 qui

239 1622 424 1646 summam
460 1609 606 1659 imperii
627 1608 798 1652 tenebat,
830 1620 916 1643 cum
938 1618 988 1642 Dc
1009 1606 1170 1650 devotis,
1205 1619 1300 1656 quos
1332 1607 1385 1643 illi

241 1669 440 1706 Soldurios
473 1670 681 1720 appellant,
718 1669 900 1720 (quorum
921 1668 1017 1704 haec
1037 1676 1093 1703 est
1113 1667 1297 1711 conditio,
1330 1668 1386 1704 uti

238 1731 415 1768 omnibus
436 1732 472 1767 in
492 1731 570 1768 vita
589 1729 800 1767 commodis
820 1742 894 1766 una
907 1741 994 1765 cum
1009 1728 1067 1764 his
1081 1726 1271 1772 fruantur,
1291 1742 1384 1778 quo-

238 1806 321 1828 rum
355 1805 395 1829 se
425 1793 614 1829 amicitiae
645 1791 885 1828 dediderint:
918 1790 947 1826 si
969 1789 1060 1839 quid
1078 1789 1122 1825 iis
1141 1802 1209 1839 per
1228 1789 1302 1825 vim
1322 1803 1385 1828 ac-

236 1853 354 1898 cidat,
381 1860 447 1890 aut
467 1853 632 1890 eundem
652 1865 780 1889 casum
802 1864 877 1887 una
895 1850 1034 1895 ferant,
1054 1858 1121 1886 aut
1135 1850 1204 1886 sibi
1222 1858 1383 1887 mortem

237 1914 492 1950 consciscant.
524 1926 650 1962 neque
683 1912 808 1949 adhuc
828 1912 1025 1948 hominum
1045 1911 1227 1947 memoria
1256 1924 1385 1961 reper-

236 1982 298 2011 tus
318 1983 375 2011 est
397 1974 613 2024 quisquam,
635 1974 713 2023 qui,
747 1986 793 2009 eo
814 1972 1030 2017 interfecto,
1065 1974 1174 2021 cujus
1194 1986 1233 2009 se
1253 1973 1383 2010 amici-

236 2035 313 2071 tiae
329 2035 558 2080 devovisset,
571 2034 665 2071 mori
682 2032 1058 2083 recusaret;)—cum
1074 2034 1117 2069 iis
1135 2033 1384 2070 Adcantuan-

236 2109 308 2132 nus
343 2097 583 2146 eruptionem
616 2095 744 2132 facere
765 2102 938 2139 conatuS,
959 2095 1125 2131 clamore
1144 2095 1191 2130 ab
1212 2107 1255 2131 ca
1274 2102 1384 2144 parte

236 2158 460 2194 munitionis
480 2157 642 2201 sublato,
675 2170 789 2206 quum
822 2156 868 2192 ad
889 2168 993 2192 arma
1013 2155 1150 2192 milites
1170 2155 1383 2192 concurris-

237 2225 336 2263 sent,
370 2218 697 2268 vehementerque
717 2217 766 2254 ibi
787 2224 998 2267 pugnatum
1019 2223 1133 2262 esset,
1154 2215 1325 2266 repulsus
1344 2215 1386 2253 iu
