1556 2683
277 298 353 334 232
558 297 632 335 DE
673 297 851 336 BELLO
889 297 1136 337 GALLICO

276 398 315 436 in
333 399 457 437 officio
488 409 672 447 maneret,
694 402 901 448 Commius,
922 402 985 452 qui
1012 411 1099 452 post
1118 401 1220 439 illam
1239 403 1416 441 vulnera·

275 460 434 505 tionem,
455 475 567 511 quam
589 475 703 512 supra
721 462 1031 507 commemoravi,
1046 474 1197 511 semper
1216 462 1264 498 ad
1284 475 1415 500 omnes

272 529 399 559 motus
430 532 582 571 paratus
603 523 678 560 suis
699 523 844 560 civibus
863 535 946 560 esse
975 523 1212 567 consuesset,
1241 535 1289 559 ne
1324 536 1416 560 con-

272 582 356 618 silia
374 583 461 619 belli
483 583 756 633 quaerentibus
775 590 909 620 auctor
928 595 1117 620 armorum
1137 582 1294 633 duxque
1310 584 1419 621 dees—

271 651 344 689 set,
363 652 523 694 parente
544 644 723 681 Romanis
756 644 924 689 civitate,
958 657 1044 681 cum
1061 643 1137 680 suis
1153 644 1346 694 equitibus
1374 658 1416 682 se

271 718 437 756 suosque
457 705 667 743 latrociniis
681 705 820 750 alebat,
850 705 1072 755 infestisque
1091 704 1289 744 itineribus
1309 719 1414 743 com·

265 774 419 805 meatus
453 767 682 817 complures,
716 766 780 817 qui
811 767 1150 817 comportabantur
1182 767 1221 806 in
1254 767 1414 806 hiberna

271 826 548 874 Romanorum,
578 828 857 880 intercipiebat.

323 888 510 927 XLVIII.
566 889 661 927 Erat
684 889 890 927 attributus
920 888 1092 926 Antonio
1123 888 1342 939 praefectus
1378 904 1417 928 e-

274 948 436 999 quitum,
463 950 507 987 C.
528 950 744 987 Volusenus
776 950 1008 994 Quadratus,
1039 949 1103 999 qui
1135 963 1222 986 cuin
1255 963 1302 988 eo
1335 951 1416 988 hie·

271 1018 406 1047 maret.
460 1011 579 1048 Hunc
612 1011 804 1048 Antonius
833 1011 880 1048 ad
912 1010 1221 1061 persequendum
1251 1010 1418 1049 hostium

272 1072 485 1122 equitatum
505 1072 632 1110 mittit.
671 1072 887 1110 Volusenus
908 1080 1035 1109 autem
1055 1073 1103 1109 ad
1122 1085 1204 1109 eain
1221 1073 1416 1119 virtutem,

271 1145 370 1182 quae
389 1132 592 1181 singularis
623 1133 659 1169 in
680 1146 726 1170 eo
759 1140 855 1179 erat,
888 1146 1067 1182 magnum
1089 1132 1219 1169 odium
1252 1133 1417 1172 Commii

267 1193 517 1243 adjungebat,
548 1207 623 1244 quo
649 1193 828 1231 libentius
860 1193 898 1230 id
927 1193 1087 1238 faceret,
1122 1193 1224 1243 quod
1256 1194 1419 1244 impera-

266 1253 393 1291 batur.
461 1254 611 1306 Itaque,
649 1255 841 1306 dispositis
862 1254 1020 1300 insidiis,
1041 1255 1191 1305 saePIus
1210 1257 1293 1305 ejus
1313 1257 1421 1306 equi-

268 1322 326 1353 tes
357 1328 574 1366 aggressus,
605 1316 773 1354 secunda
791 1315 934 1367 proelia
953 1315 1132 1353 faciebat.
1182 1316 1414 1363 Novissime,

268 1390 386 1428 quum
403 1377 667 1414 vehementius
682 1378 994 1422 contenderetur,
1011 1390 1057 1414 ac
1077 1377 1309 1424 Volusenus,
1330 1378 1421 1429 ipsi-

268 1451 312 1476 us
344 1438 613 1489 intercipiendi
638 1439 803 1476 Cominii
822 1438 1048 1489 cupiditate,
1079 1438 1313 1488 pertinacius
1333 1452 1421 1478 eum

271 1513 358 1537 cum
377 1500 510 1551 paucis
530 1499 724 1538 insecutus
744 1507 858 1546 esset,
874 1500 937 1537 ille
951 1506 1079 1537 autem
1094 1499 1185 1550 fuga
1200 1501 1421 1540 vehementi

269 1560 509 1598 Volusenum
529 1561 680 1611 longius
699 1561 945 1612 produxisset
962 1577 970 1604 ;
990 1568 1149 1611 repente
1171 1561 1340 1599 omnium
1358 1576 1420 1601 su-

270 1636 378 1659 orum
410 1622 562 1661 invocat
589 1623 703 1660 fidem
725 1631 840 1673 atque
860 1622 1059 1667 auxilium,
1093 1634 1141 1659 ne
1161 1635 1229 1659 sua
1247 1624 1420 1670 vulnera,

269 1683 432 1734 perfidia
461 1683 699 1733 interposita,
733 1691 956 1734 paterentur
976 1683 1121 1720 inulta:
1151 1696 1416 1736 conversoque

272 1758 386 1795 equo,
419 1758 460 1782 se
480 1758 502 1782 a
523 1745 660 1782 ceteris
690 1745 881 1782 incautius
899 1744 1089 1795 permittit
1107 1744 1145 1781 in
1165 1745 1417 1795 praefectum.

269 1804 433 1843 Faciunt
465 1805 564 1842 idem
585 1818 717 1844 omnes
736 1806 819 1856 ejus
838 1805 1001 1856 equites,
1021 1818 1242 1855 paucosque
1269 1813 1420 1844 nostros

269 1874 514 1912 convertunt,
545 1874 660 1917 atque
689 1866 952 1917 insequuntur.
1005 1866 1201 1903 Commius
1220 1866 1418 1905 incensum

269 1927 481 1964 calcaribus
511 1940 651 1978 equum
679 1928 807 1978 jungit
836 1940 935 1977 equo
969 1927 1170 1972 Quadrati,
1206 1927 1419 1978 lanceaque

268 1988 407 2026 infesta
425 1988 592 2025 medium
618 1988 740 2026 femur
759 1990 839 2039 ejus
860 1988 1007 2039 magnis
1039 1988 1182 2025 viribus
1213 1988 1415 2039 transjicit.

269 2050 473 2088 Praefecto
506 2050 719 2096 vulnerato,
759 2064 833 2087 non
865 2050 1042 2087 dubitant
1072 2049 1192 2087 nostri
1223 2049 1415 2095 resistere,

269 2118 310 2148 et
329 2111 502 2149 conversi
522 2112 670 2149 hostem
691 2112 846 2162 pellere.
902 2111 1015 2153 Quod
1035 2111 1100 2148 ubi
1119 2111 1274 2158 accidit,
1312 2124 1416 2148 com-

268 2172 396 2223 plures
427 2172 609 2218 hostium,
649 2186 788 2222 magno
822 2180 1037 2210 nostrorum
1058 2172 1202 2222 impetu
1234 2171 1416 2222 perculsi,

268 2233 530 2278 vulnerantur,
569 2241 607 2271 et
626 2234 763 2284 partim
797 2234 835 2270 in
865 2233 955 2282 fuga
987 2240 1247 2283 proteruntur,
1279 2233 1418 2283 partim

269 2294 578 2345 intercipiuntur.
633 2295 747 2337 Quod
775 2295 839 2332 ubi
858 2295 1000 2332 malum
1021 2295 1100 2332 dux
1129 2294 1218 2345 equi
1237 2293 1419 2332 velocita-

268 2363 308 2394 te
338 2355 518 2402 evitavit3
545 2357 713 2408 graviter
740 2356 960 2395 vulnerat-us
979 2355 1212 2408 praefectus,
1242 2363 1284 2393 ut
1316 2355 1417 2394 vitae
