1556 2683
293 226 345 263 δίε
597 222 671 258 DE
710 220 887 258 BELLO
925 221 1169 259 GALLICO

296 333 398 371 rent,
417 333 482 363 aut
500 338 613 375 quam
634 324 818 362 rationem
839 338 991 375 pugnae
1010 324 1242 361 insisterent.
1297 324 1437 362 Rostro

293 387 396 424 enim
420 386 551 423 noceri
577 399 652 424 non
673 398 784 436 posse
805 393 1089 434 cognoverant:
1121 386 1289 422 turribus
1309 393 1437 423 autem

293 449 485 493 excitatis,
502 456 629 485 tamen
650 448 716 484 has
736 448 898 484 altitudo
915 448 1100 498 puppium
1117 460 1166 484 ex
1185 448 1353 485 barbaris
1373 461 1436 485 nti-⁷

294 509 403 546 vibus
418 510 636 558 superabat,
653 516 694 546 ut
716 521 840 559 neque
859 522 906 546 ex
923 509 1102 546 inferiore
1121 509 1208 546 loco
1228 510 1317 546 satis
1336 522 1438 546 com·

292 571 408 607 mode
428 571 505 608 tela
523 571 638 620 adjici
667 578 835 621 possent,
870 578 909 607 et
928 570 1040 607 missa
1060 572 1105 607 ab
1137 570 1257 607 Gallis
1285 571 1439 620 gravius

290 631 528 668 acciderent.
583 632 669 669 Una
689 639 772 668 erat
800 644 940 681 magno
968 632 1053 668 usui
1081 644 1139 668 res
1159 640 1385 682 praeparata
1412 645 1436 669 a

292 691 446 736 nostris,
477 692 596 728 falces
616 699 859 742 praeacutae,
890 692 1053 728 insertae
1073 692 1284 743 affixaeque
1304 693 1439 742 longu-

290 751 369 796 riis,
382 764 457 789 non
479 753 640 789 absimili
656 753 777 790 forma
790 753 989 790 muralium
1005 753 1174 790 falcium.
1228 753 1302 790 His
1322 767 1438 804 quum

289 812 414 858 funes,
448 814 512 863 qui
544 820 742 851 antemnas
761 814 809 851 ad
838 814 958 850 malos
977 814 1234 860 destinabant,
1262 827 1437 864 compre-

290 874 400 911 hensi
419 875 654 925 adductique
674 883 796 920 erant,
829 874 981 925 navigio
1001 875 1114 911 remis
1133 875 1306 921 incitato,
1326 888 1436 925 prae-

290 936 576 985 rumpebantur.
605 935 742 985 quibus
772 935 961 979 abscissis,
991 943 1193 972 antemnae
1220 937 1436 974 necessario

291 996 562 1041 concidebant,
584 1004 638 1041 ut,
660 1008 776 1046 quum
797 997 917 1033 omnis
938 997 1097 1034 Gallicis
1117 997 1275 1033 navibus
1294 1010 1380 1047 spes
1400 998 1437 1034 in

288 1057 382 1093 velis
414 1058 735 1108 armamentisque
762 1058 1001 1102 consisteret,
1036 1057 1092 1094 his
1121 1058 1277 1108 ereptis,
1307 1059 1430 1096 omnis

288 1130 379 1154 usus
398 1118 550 1155 navium
572 1132 647 1156 uno
661 1127 835 1169 tempore
849 1119 1075 1169 eriperetur.
1130 1119 1336 1169 Reliquum
1353 1127 1437 1157 erat

289 1185 485 1215 certamen
506 1180 670 1229 positum
693 1181 729 1216 in
749 1180 914 1222 virtute;
934 1193 1008 1230 qua
1028 1180 1146 1217 nostri
1166 1180 1304 1217 milites
1323 1179 1437 1218 Facile

289 1241 534 1290 superabant,
552 1247 666 1290 atque
680 1254 726 1278 eo
743 1241 875 1290 magis,
893 1241 996 1291 quod
1011 1241 1047 1277 in
1064 1248 1276 1290 conspectu
1293 1241 1433 1279 Caesa-

288 1301 353 1346 ris,
383 1309 499 1351 atque
519 1302 640 1339 omnis
659 1303 869 1347 exercitiis,
898 1315 958 1339 res
977 1303 1197 1352 gerebatur,
1227 1310 1267 1339 ut
1286 1304 1434 1340 nullum

286 1362 415 1412 paullo
435 1363 570 1400 fortius
588 1363 730 1400 factum
751 1364 871 1400 latere
891 1371 1043 1414 posset:
1064 1376 1196 1400 omnes
1221 1364 1322 1401 enim
1353 1365 1432 1402 col-

285 1424 355 1469 les,
375 1436 420 1461 ac
439 1424 524 1461 loca
538 1425 747 1474 superiora,
764 1425 865 1461 unde
884 1432 966 1462 erat
980 1424 1215 1475 propinquus
1228 1425 1432 1476 despectus

286 1485 325 1521 in
345 1497 462 1530 mare,
495 1486 542 1521 ab
562 1485 736 1522 exercitu
756 1486 998 1523 tenebantur.

339 1546 425 1583 XV.
459 1545 668 1595 -Dejectis‚
690 1553 731 1583 ut
751 1546 929 1592 diximus,
943 1547 1145 1592 antemnis,
1166 1561 1282 1597 quum
1303 1548 1432 1598 singu-

286 1608 341 1644 las
352 1607 466 1644 binae
481 1614 671 1644 aeternae
686 1620 801 1645 naves
817 1607 1162 1654 circumsteterant,
1177 1609 1316 1646 milites
1332 1622 1433 1646 sum·

285 1680 348 1704 ma
372 1667 408 1704 vi
427 1668 698 1705 transcendere
726 1669 763 1704 in
793 1668 959 1705 hostium
988 1681 1102 1705 naves
1132 1670 1432 1707 contendebant.

287 1729 402 1771 Quod
427 1737 629 1779 postquam
662 1729 811 1766 barbari
841 1729 923 1766 fieri
959 1729 1325 1775 animadverterunt,
1363 1743 1431 1768 ex-

284 1791 466 1841 pugnatis
494 1790 754 1840 compluribus
780 1790 951 1835 navibus,
980 1802 1096 1840 quum
1128 1790 1162 1828 ei
1193 1790 1247 1827 rei
1280 1791 1428 1827 nullum

284 1852 516 1902 reperiretur
534 1851 734 1896 auxilium,
766 1851 858 1900 fuga
876 1851 1037 1888 salutem
1056 1858 1189 1900 petere
1218 1852 1429 1888 contende-

285 1920 389 1949 runt.
431 1913 507 1957 Ac,
523 1914 601 1961 jain
622 1912 814 1949 conversis
835 1912 872 1948 in
892 1924 976 1949 eam
996 1919 1139 1962 partem
1161 1911 1334 1957 navibus,
1355 1925 1431 1962 quo

284 1972 599 2019 ventusferebat,
631 1980 738 2010 tanta
757 1973 883 2010 subito
904 1973 1075 2019 malacia,
1108 1986 1153 2011 ac
1172 1974 1428 2024 tranquillitas

286 2033 451 2078 exstitit,
480 2040 519 2070 ut
539 2045 579 2070 se
598 2034 685 2070 loco
705 2046 858 2071 movere
879 2047 955 2070 non
986 2043 1154 2084 possent.
1207 2037 1316 2077 Quae
1346 2035 1428 2085 qui*

285 2094 372 2131 dem
386 2107 445 2131 res
459 2095 507 2131 ad
521 2095 718 2144 negotium
733 2095 1012 2132 conficiendum
1027 2096 1192 2133 maxime
1207 2096 1279 2134 fuit
1292 2110 1429 2147 oppor-

285 2165 388 2192 tuna.
416 2168 504 2192 nam
531 2156 699 2206 singulas
726 2155 846 2192 nostri
866 2157 1077 2194 consectati
1096 2165 1429 2207 expugnaverunt,

285 2223 328 2253 ut
357 2229 572 2268 perpaucae
592 2229 641 2254 ex
662 2217 763 2255 omni
783 2230 958 2265 numero,
984 2217 1108 2256 noctis
1127 2218 1359 2265 interventu,
1379 2219 1429 2256 ad
