1556 2683
583 270 751 309 LIBER
795 271 851 310 n.
1263 277 1315 315 45

160 376 344 429 perferre,
364 383 404 414 et
422 375 470 414 ab
491 375 641 413 Aeduis
659 375 863 422 defecisse,
898 382 938 413 et
957 376 1101 427 populo
1135 377 1314 415 Romano

159 438 303 476 bellum
333 438 517 476 intulisse.
571 436 648 479 Qui
683 437 796 487 hujus
823 437 970 474 consilii
1001 436 1195 488 principes
1222 438 1315 475 fuis-

160 507 261 545 sent,
278 501 380 552 quod
401 500 676 549 intelligerent,
697 508 881 550 quantam
902 497 1160 536 calamitatem
1182 500 1316 537 civita-

160 561 190 599 ti
210 561 442 607 intulissent,
469 561 506 597 in
528 560 766 598 Britanniam
786 560 1014 611 profugisse.
1070 559 1208 598 Petere
1237 574 1315 598 non

160 622 283 660 solum
305 623 545 667 Bellovacos,
575 622 644 659 sed
663 621 780 660 etiam
812 634 882 672 pro
910 620 969 658 his
991 621 1164 667 Aeduos,
1186 629 1228 659 ut
1245 634 1317 659 sua

159 684 366 722 clementia
384 697 430 721 ac
464 683 760 721 mansuetudine
780 683 818 720 in
838 695 905 720 eos
924 688 1068 720 utatur.
1135 683 1251 724 Quod
1282 683 1316 720 si

159 744 312 791 fecerit,
345 746 573 783 Aeduorum
594 744 865 782 auctoritatem
886 743 987 794 apud
1008 756 1141 780 omnes
1170 743 1316 794 Belgas

159 806 504 857 amplificaturum;
525 820 687 857 quorum
708 805 862 843 auxiliis
881 814 997 856 atque
1017 803 1168 855 opibus,
1188 804 1219 842 si
1239 818 1316 856 qua

158 867 260 904 bella
279 868 499 915 inciderint,
520 875 736 906 sustentare
756 868 993 905 consuerint.

213 926 300 965 XV.
362 929 518 975 Caesar,
556 928 711 966 honoris
743 927 927 965 Divitiaci
946 935 1064 978 atque
1086 928 1313 965 Aeduorum

161 1002 309 1036 caussa,
329 1003 413 1028 sese
433 1003 499 1028 eos
520 990 556 1027 in
586 990 702 1027 fidem
722 997 986 1040 recepturum,
1006 998 1044 1026 et
1065 997 1313 1027 conservatu-

161 1065 260 1098 rum,
288 1052 387 1089 dixit
405 1068 413 1092 ε
454 1053 536 1098 sed,
568 1052 672 1103 quod
692 1060 774 1090 erat
793 1052 928 1088 civitas
947 1063 1087 1101 magna
1105 1051 1206 1089 inter
1225 1051 1315 1089 Bel-

158 1126 226 1164 gas
246 1114 492 1159 auctoritate,
522 1121 638 1164 atque
658 1112 855 1151 hominum
876 1112 1122 1150 multitudine
1142 1120 1313 1163 praesta-

158 1176 238 1220 bat,
257 1187 320 1211 Dc
341 1175 493 1213 obsides
514 1175 704 1226 poposcit.
754 1174 835 1211 ‘His
855 1174 1019 1220 traditis,
1044 1175 1314 1226 ¹omnibusque

156 1237 272 1275 armis
292 1250 342 1274 ex
363 1237 506 1288 oppido
526 1237 691 1283 collatis,
718 1236 766 1273 ab
797 1249 844 1273 eo
863 1236 950 1273 loco
977 1236 1015 1273 in
1036 1236 1131 1275 fines
1155 1237 1314 1275 Ambia-

155 1305 294 1342 norum
313 1298 503 1350 pervenit,
524 1298 588 1349 qui
608 1311 663 1344 se,
689 1311 835 1348 suaque
855 1297 998 1343 omnia,
1018 1297 1100 1334 sine
1120 1311 1228 1335 mora
1246 1298 1313 1335 de-

155 1360 351 1398 diderunt.
408 1360 550 1398 Eorum
583 1360 679 1398 fines
702 1359 832 1397 Nervii
851 1359 1119 1410 attingebant:
1149 1373 1313 1410 quorum

155 1421 204 1460 de
223 1430 361 1460 natura
374 1422 623 1472 moribusque
639 1422 782 1460 Caesar
802 1434 919 1472 quum
940 1430 1158 1472 quaereret,
1178 1423 1233 1460 sic
1252 1435 1314 1460 re-

155 1484 353 1534 periebat:
384 1483 545 1521 Nullum
576 1484 722 1521 aditum
750 1496 834 1521 esse
853 1483 903 1521 ad
922 1496 987 1520 eos
1007 1485 1313 1523 mercatoribus:

155 1544 255 1582 nihil
266 1546 344 1597 pati
363 1546 454 1591 vini,
475 1546 787 1597 reliquarumque
807 1558 934 1583 rerum
954 1545 1004 1583 ad
1017 1546 1315 1598 luxui-iamper-

153 1606 376 1654 tinenffium,
408 1607 554 1653 inferri,
592 1607 698 1659 quod
717 1607 761 1644 iis
782 1608 895 1645 rebus
915 1608 1214 1658 relanguescere
1232 1610 1315 1647 ani-

152 1682 236 1706 mos
256 1682 404 1715 eorum,
433 1676 473 1706 ct
504 1669 648 1706 remitti
676 1669 873 1715 virtutem,
905 1669 1198 1709 existimarent:
1229 1683 1314 1709 esse

152 1731 329 1770 homines
347 1730 463 1776 feros,
483 1743 726 1782 magnaeque
745 1731 896 1768 virtutis
914 1746 924 1768 ε
944 1731 1176 1783 increpitare
1195 1740 1314 1784 atque

154 1792 332 1831 incusare
353 1793 520 1844 reliquos
535 1793 690 1843 Belgas,
711 1793 828 1844 quise
850 1793 993 1844 populo
1012 1794 1187 1832 Romano
1205 1795 1311 1832 dedi-

154 1854 314 1901 dissent,
335 1855 576 1906 patriamque
595 1855 775 1892 virtutem
795 1856 1075 1905 projecissent:
1110 1858 1312 1894 confirma-

155 1929 211 1962 re,
241 1929 326 1954 sese
345 1929 471 1968 neque
490 1917 639 1967 legatos
669 1917 866 1963 missuros,
894 1929 1021 1969 neque
1041 1917 1158 1955 ullam
1179 1918 1312 1957 condi-

153 1978 298 2015 tionem
326 1978 437 2030 pacis
453 1985 697 2028 accepturos.

205 2039 316 2077 XVI.
372 2041 502 2082 Quum
535 2052 606 2090 per
625 2052 758 2078 eorum
777 2041 875 2079 fines
905 2041 1077 2079 triduum
1097 2042 1171 2080 iter
1195 2042 1312 2080 fecis-

154 2108 227 2146 set,
256 2100 477 2139 inveniebat
496 2114 546 2138 ex
566 2101 742 2152 captivis,
765 2101 892 2139 Sabim
914 2102 1059 2140 flumen
1093 2103 1140 2139 ab
1176 2103 1310 2141 castris

153 2162 232 2200 suis
249 2175 327 2200 non
344 2163 506 2213 amplius
522 2163 639 2200 millia
654 2176 834 2214 passuum
848 2175 882 2201 ΞΧ
894 2164 1044 2202 abesse:
1066 2173 1169 2202 trans
1185 2165 1223 2201 ιι]
1238 2165 1310 2201 flu-

154 2237 241 2261 men
263 2237 397 2262 omnes
420 2225 582 2263 Nervios
601 2226 837 2273 consedisse,
857 2227 1142 2277 adventumque
1157 2226 1209 2263 ibi
1235 2226 1312 2263 Ro-

153 2297 351 2322 manorum
373 2294 617 2338 exspectare,
655 2299 732 2324 una
752 2300 840 2324 cum
862 2288 1131 2330 Atrebatibus,
1169 2295 1209 2325 et
1234 2287 1310 2324 Ve-

153 2347 388 2395 romanduis‚
419 2348 590 2386 finitimis
609 2348 686 2386 suis
702 2365 711 2394 ;
739 2361 826 2386 narn
847 2349 905 2386 his
920 2349 1092 2401 utrisque
1110 2360 1311 2401 persuase-
