1556 2683
264 280 315 315 50
571 275 644 312 DE
686 275 865 311 EELLO
905 273 1151 312 GALLICO

264 386 396 430 aperto
430 380 549 416 latere
577 379 749 429 legiones
777 378 1068 424 circumvenire,
1098 390 1185 428 pars
1218 389 1408 415 summum

263 448 473 478 castrorum
493 441 619 477 locum
641 447 786 490 petere,
807 438 948 489 coepit.

315 501 459 538 XXIV.
517 500 662 538 Eodem
690 508 864 550 tempore
896 499 1046 550 equites
1078 499 1213 546 nostri,
1238 499 1408 550 levisque

261 570 475 600 armaturae
495 561 659 611 pedites,
685 561 747 611 qui
770 574 857 597 cum
877 560 921 597 iis
942 573 1016 597 una
1035 560 1200 606 fuerant,
1220 573 1314 610 quos
1330 560 1408 610 pri-

261 635 324 659 mo
344 623 509 659 hostium
529 622 675 672 impetu
695 621 822 671 pulsos
842 621 1028 666 dixeram,
1050 634 1166 671 quum
1180 634 1219 658 se
1232 621 1269 658 in
1284 628 1410 658 castra

261 683 491 733 reciperent,
520 682 686 719 adversis
706 682 880 718 hostibus
909 682 1178 726 occurrebant,
1205 694 1251 718 ac
1279 694 1408 718 rursus

261 744 373 781 aliam
389 744 430 781 in
451 751 598 793 partem
618 743 747 793 sugam
769 743 977 793 petebant:
1011 749 1048 780 et
1069 743 1236 788 calones,
1269 743 1332 793 qui
1360 744 1407 781 ab

261 805 475 842 decumana
504 812 628 855 porta,
658 816 703 841 ac
723 816 869 840 summo
890 804 986 853 jugo
1019 802 1140 848 collis,
1160 811 1310 840 nostros
1329 804 1408 842 vic-

259 873 363 903 tores
378 865 521 903 flumen
542 866 719 903 transisse
738 871 1034 915 conspexerant,
1050 864 1257 914 praedandi
1275 877 1408 902 caussa

258 928 415 978 egressi,
437 941 553 978 quum
573 926 846 976 respexissent,
866 932 904 961 et
920 925 1050 962 hostes
1066 925 1102 961 in
1119 924 1258 961 nostris
1273 926 1408 963 castris

257 988 398 1027 versari
414 988 610 1032 vidissent,
630 987 858 1038 praecipites
890 985 1004 1036 fugae
1035 998 1118 1023 sese
1152 986 1406 1024 mandabant:

256 1050 368 1087 simul
381 1063 527 1095 eorum,
544 1049 608 1100 qui
624 1062 710 1086 cum
727 1047 1010 1098 impedimentis
1024 1047 1244 1092 veniebant,
1261 1047 1406 1086 clamor

255 1110 506 1160 fremitusque
522 1109 740 1152 oriebatur3
778 1108 917 1158 aliique
937 1108 1049 1145 aliam
1082 1108 1120 1144 in
1140 1116 1289 1158 partem
1318 1121 1406 1159 per-

255 1171 378 1207 territi
411 1170 646 1208 ferebantur.
701 1170 849 1212 Quibus
883 1170 1058 1206 omnibus
1086 1170 1201 1206 rebus
1228 1170 1406 1220 permoti,

255 1232 403 1283 equites
437 1231 599 1276 Treviri,
627 1244 789 1281 quorum
810 1231 909 1267 inter
943 1230 1075 1274 Gallos
1093 1231 1245 1267 virtutis
1273 1231 1403 1281 opinio

254 1301 314 1330 est
341 1292 556 1343 singularis,
576 1292 655 1342 qui,
676 1292 807 1329 auxilii
828 1304 961 1328 caussa
980 1292 1027 1328 ab
1048 1291 1202 1329 civitate
1221 1292 1340 1339 missi,
1355 1293 1406 1330 ad

255 1353 459 1391 Caesarem
479 1360 677 1398 venerant,
698 1365 814 1402 quum
830 1352 1075 1389 multitudine
1095 1352 1263 1389 hostium
1281 1361 1406 1391 castra

253 1422 385 1452 nostra
400 1414 597 1464 compleri,
616 1413 789 1464 legiones
808 1413 943 1463 premi,
960 1420 999 1450 et
1019 1426 1142 1463 paene
1163 1414 1404 1452 circumven-

252 1483 312 1513 tas
331 1476 469 1521 teneri,
500 1475 667 1520 calones,
688 1474 849 1525 equites,
876 1473 1105 1520 funditores,
1125 1474 1325 1521 Numidas,
1346 1475 1403 1512 di-

252 1548 383 1574 versos
395 1535 673 1586 dissipatosque
694 1535 731 1572 in
752 1548 883 1572 omnes
903 1543 1030 1586 partes
1048 1535 1184 1585 fugere
1203 1535 1403 1582 vidissent,

253 1596 463 1648 desperatis
484 1597 622 1634 nostris
638 1597 765 1642 rebus,
786 1597 939 1634 domum
962 1597 1246 1634 contenderunt
1276 1610 1284 1632 :
1323 1596 1402 1635 Ro-

251 1672 385 1696 manos
416 1659 545 1708 pulsos
565 1665 856 1708 superatosque,
886 1657 1020 1695 castris
1040 1657 1402 1709 impedimentisque

253 1733 384 1758 eorum
406 1720 535 1757 hostes
554 1719 711 1770 potitos,
741 1718 884 1756 civitati
904 1719 1243 1756 renunciaverunt.

303 1781 428 1818 XXV.
482 1781 638 1825 Caesar,
669 1781 715 1817 ab
743 1780 915 1817 decimae
934 1779 1097 1830 legIonIs
1131 1780 1401 1819 cohortatione

250 1843 300 1881 ad
318 1843 499 1880 dextrum
520 1854 640 1879 cornu
659 1840 871 1891 profectus,
905 1841 970 1878 ubi
988 1853 1077 1878 suos
1098 1842 1240 1891 urgeri,
1263 1841 1400 1891 signis-

251 1917 325 1955 que
345 1905 382 1941 in
402 1916 520 1941 unum
539 1903 667 1940 locum
688 1901 836 1939 collatis
855 1901 1107 1939 duodecimae
1127 1901 1289 1952 legionis
1310 1915 1402 1939 con-

248 1966 369 2003 fertos
388 1964 527 2003 milites
546 1964 615 2002 sibi
638 1964 738 2014 ipsos
767 1963 815 2000 ad
847 1976 1015 2014 pugnam
1038 1976 1121 2000 esse
1149 1963 1400 2014 impedimen·

248 2033 312 2070 to;
340 2032 498 2076 quartae
527 2024 697 2062 cohortis
725 2024 901 2061 omnibus
930 2024 1219 2062 centurionibus
1249 2026 1400 2072 occisis,

247 2086 509 2138 signiferoque
529 2086 749 2131 interfecto,
769 2085 880 2136 signo
900 2086 1052 2131 amisso,
1081 2086 1312 2136 reliquarum
1335 2099 1400 2123 co-

245 2145 416 2183 hortium
445 2145 622 2183 omnibus
649 2145 730 2182 fere
763 2145 1054 2183 centurionibus
1081 2153 1147 2183 aut
1175 2147 1400 2193 vulneratis,

247 2212 312 2244 aut
332 2206 482 2252 occisis,
511 2206 549 2243 in
582 2205 640 2242 his
660 2205 878 2256 primopilo,
908 2206 952 2243 P.
975 2206 1110 2244 Sextio
1131 2207 1292 2253 Baculo,
1321 2207 1398 2245 for-

246 2267 391 2306 tissimo
411 2266 505 2312 viro,
534 2266 663 2304 multis
681 2267 940 2318 gravibusque
958 2267 1182 2306 vulneribus
1202 2268 1402 2316 confecto,

246 2333 289 2366 ut
299 2329 381 2378 Jam
394 2340 435 2366 se
451 2327 639 2367 sustinere
653 2340 730 2366 non
745 2335 894 2380 posset3
913 2329 1081 2380 reliquos
1096 2342 1178 2368 esse
1194 2329 1405 2376 tardiores,
