<?xml version="1.0" encoding="UTF-8"?>
<!DOCTYPE html PUBLIC "-//W3C//DTD XHTML 1.0 Transitional//EN"
    "http://www.w3.org/TR/xhtml1/DTD/xhtml1-transitional.dtd">
<html xmlns="http://www.w3.org/1999/xhtml" xml:lang="en" lang="en">
 <head>
  <title>
</title>
<meta http-equiv="Content-Type" content="text/html;charset=utf-8" />
  <meta name='ocr-system' content='tesseract 3.04.00' />
  <meta name='ocr-capabilities' content='ocr_page ocr_carea ocr_par ocr_line ocrx_word'/>
</head>
<body>
  <div class='ocr_page' id='page_1' title='image "./debellogallicoet01caesuoft_0030.png"; bbox 0 0 1556 2683; ppageno 0'>
   <div class='ocr_carea' id='block_1_1' title="bbox 200 269 1065 312">
    <p class='ocr_par' dir='ltr' id='par_1_1' title="bbox 200 269 1065 312">
     <span class='ocr_line' id='line_1_1' title="bbox 200 269 1065 312; baseline 0 -2"><span class='ocrx_word' id='word_1_1' title='bbox 200 269 225 310; x_wconf 82' lang='grc'><strong>6</strong></span> <span class='ocrx_word' id='word_1_2' title='bbox 482 271 557 308; x_wconf 90' lang='lat' dir='ltr'>DE</span> <span class='ocrx_word' id='word_1_3' title='bbox 598 271 778 310; x_wconf 89' lang='lat' dir='ltr'>BELLO</span> <span class='ocrx_word' id='word_1_4' title='bbox 818 271 1065 312; x_wconf 89' lang='lat' dir='ltr'>GALLICO</span> 
     </span>
    </p>
   </div>
   <div class='ocr_carea' id='block_1_2' title="bbox 177 374 1348 2387">
    <p class='ocr_par' dir='ltr' id='par_1_2' title="bbox 194 374 1348 719">
     <span class='ocr_line' id='line_1_2' title="bbox 199 374 1348 427; baseline 0.003 -16"><span class='ocrx_word' id='word_1_5' title='bbox 199 374 387 421; x_wconf 88' lang='lat' dir='ltr'>Helvetii,</span> <span class='ocrx_word' id='word_1_6' title='bbox 421 388 466 412; x_wconf 84' lang='lat' dir='ltr'>ea</span> <span class='ocrx_word' id='word_1_7' title='bbox 484 388 551 426; x_wconf 92' lang='lat' dir='ltr'>spe</span> <span class='ocrx_word' id='word_1_8' title='bbox 571 375 726 425; x_wconf 86' lang='lat' dir='ltr'>dejecti,</span> <span class='ocrx_word' id='word_1_9' title='bbox 746 375 906 413; x_wconf 87' lang='lat' dir='ltr'>navibus</span> <span class='ocrx_word' id='word_1_10' title='bbox 929 376 1089 425; x_wconf 88' lang='lat' dir='ltr'>junctis,</span> <span class='ocrx_word' id='word_1_11' title='bbox 1122 375 1348 427; x_wconf 83' lang='lat' dir='ltr'>ratibusque</span> 
     </span>
     <span class='ocr_line' id='line_1_3' title="bbox 198 436 1348 488; baseline 0.001 -13"><span class='ocrx_word' id='word_1_12' title='bbox 198 437 458 488; x_wconf 82' lang='lat' dir='ltr'>compluribus</span> <span class='ocrx_word' id='word_1_13' title='bbox 473 436 598 482; x_wconf 87' lang='lat' dir='ltr'>factis,</span> <span class='ocrx_word' id='word_1_14' title='bbox 618 437 680 474; x_wconf 84' lang='lat' dir='ltr'>alii</span> <span class='ocrx_word' id='word_1_15' title='bbox 700 437 805 474; x_wconf 85' lang='lat' dir='ltr'>vadis</span> <span class='ocrx_word' id='word_1_16' title='bbox 825 437 1018 483; x_wconf 86' lang='lat' dir='ltr'>Rhodani,</span> <span class='ocrx_word' id='word_1_17' title='bbox 1033 450 1108 488; x_wconf 88' lang='lat' dir='ltr'>qua</span> <span class='ocrx_word' id='word_1_18' title='bbox 1120 437 1276 476; x_wconf 87' lang='lat' dir='ltr'>minima</span> <span class='ocrx_word' id='word_1_19' title='bbox 1295 439 1348 476; x_wconf 89' lang='lat' dir='ltr'>al-</span> 
     </span>
     <span class='ocr_line' id='line_1_4' title="bbox 196 498 1347 550; baseline 0 -14"><span class='ocrx_word' id='word_1_20' title='bbox 196 499 322 536; x_wconf 86' lang='lat' dir='ltr'>titudo</span> <span class='ocrx_word' id='word_1_21' title='bbox 355 498 521 534; x_wconf 90' lang='lat' dir='ltr'>fluminis</span> <span class='ocrx_word' id='word_1_22' title='bbox 553 506 648 544; x_wconf 86' lang='lat' dir='ltr'>erat,</span> <span class='ocrx_word' id='word_1_23' title='bbox 677 511 953 549; x_wconf 85' lang='lat' dir='ltr'>nonnunquam</span> <span class='ocrx_word' id='word_1_24' title='bbox 984 498 1166 545; x_wconf 82' lang='lat' dir='ltr'>interdiu,</span> <span class='ocrx_word' id='word_1_25' title='bbox 1196 499 1347 550; x_wconf 86' lang='lat' dir='ltr'>saepius</span> 
     </span>
     <span class='ocr_line' id='line_1_5' title="bbox 196 559 1346 611; baseline 0.001 -14"><span class='ocrx_word' id='word_1_26' title='bbox 196 566 329 605; x_wconf 88' lang='lat' dir='ltr'>noctu,</span> <span class='ocrx_word' id='word_1_27' title='bbox 350 559 379 596; x_wconf 92' lang='lat' dir='ltr'>si</span> <span class='ocrx_word' id='word_1_28' title='bbox 393 572 640 609; x_wconf 82' lang='lat' dir='ltr'>perrumpere</span> <span class='ocrx_word' id='word_1_29' title='bbox 656 567 825 609; x_wconf 86' lang='lat' dir='ltr'>possent,</span> <span class='ocrx_word' id='word_1_30' title='bbox 847 560 990 606; x_wconf 83' lang='lat' dir='ltr'>conati,</span> <span class='ocrx_word' id='word_1_31' title='bbox 1022 560 1148 611; x_wconf 86' lang='lat' dir='ltr'>operis</span> <span class='ocrx_word' id='word_1_32' title='bbox 1167 561 1346 598; x_wconf 88' lang='lat' dir='ltr'>munitio-</span> 
     </span>
     <span class='ocr_line' id='line_1_6' title="bbox 196 620 1347 672; baseline 0.002 -15"><span class='ocrx_word' id='word_1_33' title='bbox 196 634 245 658; x_wconf 87' lang='lat' dir='ltr'>ne</span> <span class='ocrx_word' id='word_1_34' title='bbox 276 628 314 658; x_wconf 87' lang='lat' dir='ltr'>et</span> <span class='ocrx_word' id='word_1_35' title='bbox 346 620 509 657; x_wconf 87' lang='lat' dir='ltr'>militum</span> <span class='ocrx_word' id='word_1_36' title='bbox 540 633 732 658; x_wconf 79' lang='lat' dir='ltr'>concursu</span> <span class='ocrx_word' id='word_1_37' title='bbox 752 628 790 658; x_wconf 93' lang='lat' dir='ltr'>et</span> <span class='ocrx_word' id='word_1_38' title='bbox 819 620 905 658; x_wconf 88' lang='lat' dir='ltr'>telis</span> <span class='ocrx_word' id='word_1_39' title='bbox 924 621 1080 672; x_wconf 74' lang='lat' dir='ltr'>repulSI‚</span> <span class='ocrx_word' id='word_1_40' title='bbox 1109 622 1184 659; x_wconf 93' lang='lat' dir='ltr'>hoc</span> <span class='ocrx_word' id='word_1_41' title='bbox 1204 630 1347 660; x_wconf 88' lang='lat' dir='ltr'>conatu</span> 
     </span>
     <span class='ocr_line' id='line_1_7' title="bbox 194 682 437 719; baseline -0.004 0"><span class='ocrx_word' id='word_1_42' title='bbox 194 682 437 719; x_wconf 88' lang='lat' dir='ltr'>destiterunt.</span> 
     </span>
    </p>

    <p class='ocr_par' dir='ltr' id='par_1_3' title="bbox 184 743 1347 1588">
     <span class='ocr_line' id='line_1_8' title="bbox 246 743 1347 796; baseline 0.004 -17"><span class='ocrx_word' id='word_1_43' title='bbox 246 743 317 780; x_wconf 89' lang='lat' dir='ltr'>IX.</span> <span class='ocrx_word' id='word_1_44' title='bbox 382 743 687 794; x_wconf 82' lang='lat' dir='ltr'>Relinquebatur</span> <span class='ocrx_word' id='word_1_45' title='bbox 719 756 796 781; x_wconf 91' lang='lat' dir='ltr'>una</span> <span class='ocrx_word' id='word_1_46' title='bbox 825 757 894 795; x_wconf 87' lang='lat' dir='ltr'>per</span> <span class='ocrx_word' id='word_1_47' title='bbox 925 744 1123 794; x_wconf 81' lang='lat' dir='ltr'>Sequanos</span> <span class='ocrx_word' id='word_1_48' title='bbox 1153 745 1227 791; x_wconf 84' lang='lat' dir='ltr'>via,</span> <span class='ocrx_word' id='word_1_49' title='bbox 1257 758 1347 796; x_wconf 90' lang='lat' dir='ltr'>qua,</span> 
     </span>
     <span class='ocr_line' id='line_1_9' title="bbox 195 805 1345 857; baseline 0.001 -14"><span class='ocrx_word' id='word_1_50' title='bbox 195 805 383 855; x_wconf 88' lang='lat' dir='ltr'>Sequanis</span> <span class='ocrx_word' id='word_1_51' title='bbox 402 805 543 851; x_wconf 89' lang='lat' dir='ltr'>invitis,</span> <span class='ocrx_word' id='word_1_52' title='bbox 571 813 728 855; x_wconf 89' lang='lat' dir='ltr'>propter</span> <span class='ocrx_word' id='word_1_53' title='bbox 760 805 954 855; x_wconf 84' lang='lat' dir='ltr'>angustias</span> <span class='ocrx_word' id='word_1_54' title='bbox 973 806 1028 843; x_wconf 91' lang='lat' dir='ltr'>ire</span> <span class='ocrx_word' id='word_1_55' title='bbox 1048 819 1125 843; x_wconf 90' lang='lat' dir='ltr'>non</span> <span class='ocrx_word' id='word_1_56' title='bbox 1154 813 1345 857; x_wconf 84' lang='lat' dir='ltr'>poterant.</span> 
     </span>
     <span class='ocr_line' id='line_1_10' title="bbox 193 866 1346 919; baseline 0.003 -17"><span class='ocrx_word' id='word_1_57' title='bbox 193 866 268 903; x_wconf 85' lang='lat' dir='ltr'>His</span> <span class='ocrx_word' id='word_1_58' title='bbox 288 880 405 917; x_wconf 91' lang='lat' dir='ltr'>quum</span> <span class='ocrx_word' id='word_1_59' title='bbox 437 878 504 902; x_wconf 88' lang='lat' dir='ltr'>sua</span> <span class='ocrx_word' id='word_1_60' title='bbox 522 873 659 916; x_wconf 88' lang='lat' dir='ltr'>sponte</span> <span class='ocrx_word' id='word_1_61' title='bbox 679 866 910 916; x_wconf 87' lang='lat' dir='ltr'>persuadere</span> <span class='ocrx_word' id='word_1_62' title='bbox 938 880 1014 904; x_wconf 91' lang='lat' dir='ltr'>non</span> <span class='ocrx_word' id='word_1_63' title='bbox 1048 875 1220 917; x_wconf 87' lang='lat' dir='ltr'>possent,</span> <span class='ocrx_word' id='word_1_64' title='bbox 1240 868 1346 919; x_wconf 83' lang='lat' dir='ltr'>lega-</span> 
     </span>
     <span class='ocr_line' id='line_1_11' title="bbox 191 926 1344 979; baseline 0.002 -15"><span class='ocrx_word' id='word_1_65' title='bbox 191 934 251 964; x_wconf 89' lang='lat' dir='ltr'>tos</span> <span class='ocrx_word' id='word_1_66' title='bbox 278 927 327 964; x_wconf 85' lang='lat' dir='ltr'>ad</span> <span class='ocrx_word' id='word_1_67' title='bbox 346 926 625 976; x_wconf 78' lang='lat' dir='ltr'>Dumnorigem</span> <span class='ocrx_word' id='word_1_68' title='bbox 644 926 825 964; x_wconf 87' lang='lat' dir='ltr'>Aeduum</span> <span class='ocrx_word' id='word_1_69' title='bbox 846 927 1017 973; x_wconf 87' lang='lat' dir='ltr'>mittunt,</span> <span class='ocrx_word' id='word_1_70' title='bbox 1034 934 1077 964; x_wconf 85' lang='lat' dir='ltr'>ut</span> <span class='ocrx_word' id='word_1_71' title='bbox 1096 941 1142 964; x_wconf 88' lang='lat' dir='ltr'>eo</span> <span class='ocrx_word' id='word_1_72' title='bbox 1158 928 1344 979; x_wconf 89' lang='lat' dir='ltr'>depreca-</span> 
     </span>
     <span class='ocr_line' id='line_1_12' title="bbox 191 988 1344 1039; baseline 0.002 -14"><span class='ocrx_word' id='word_1_73' title='bbox 191 995 276 1026; x_wconf 85' lang='lat' dir='ltr'>tore</span> <span class='ocrx_word' id='word_1_74' title='bbox 296 1002 317 1026; x_wconf 90' lang='lat' dir='ltr'>a</span> <span class='ocrx_word' id='word_1_75' title='bbox 334 988 520 1039; x_wconf 86' lang='lat' dir='ltr'>Sequanis</span> <span class='ocrx_word' id='word_1_76' title='bbox 536 989 798 1038; x_wconf 82' lang='lat' dir='ltr'>impetrarent.</span> <span class='ocrx_word' id='word_1_77' title='bbox 844 989 1066 1026; x_wconf 86' lang='lat' dir='ltr'>Dumnorix</span> <span class='ocrx_word' id='word_1_78' title='bbox 1082 989 1207 1039; x_wconf 86' lang='lat' dir='ltr'>gratia</span> <span class='ocrx_word' id='word_1_79' title='bbox 1221 990 1344 1027; x_wconf 86' lang='lat' dir='ltr'>etlar-</span> 
     </span>
     <span class='ocr_line' id='line_1_13' title="bbox 188 1050 1344 1101; baseline 0.003 -15"><span class='ocrx_word' id='word_1_80' title='bbox 188 1051 336 1100; x_wconf 83' lang='lat' dir='ltr'>gitione</span> <span class='ocrx_word' id='word_1_81' title='bbox 356 1050 458 1101; x_wconf 86' lang='lat' dir='ltr'>apud</span> <span class='ocrx_word' id='word_1_82' title='bbox 476 1050 672 1100; x_wconf 89' lang='lat' dir='ltr'>Sequanos</span> <span class='ocrx_word' id='word_1_83' title='bbox 687 1050 892 1100; x_wconf 87' lang='lat' dir='ltr'>plurimum</span> <span class='ocrx_word' id='word_1_84' title='bbox 912 1057 1078 1101; x_wconf 86' lang='lat' dir='ltr'>poterat,</span> <span class='ocrx_word' id='word_1_85' title='bbox 1099 1058 1138 1088; x_wconf 88' lang='lat' dir='ltr'>et</span> <span class='ocrx_word' id='word_1_86' title='bbox 1154 1051 1344 1090; x_wconf 88' lang='lat' dir='ltr'>Helvetiis</span> 
     </span>
     <span class='ocr_line' id='line_1_14' title="bbox 190 1111 1345 1162; baseline 0.003 -14"><span class='ocrx_word' id='word_1_87' title='bbox 190 1119 273 1149; x_wconf 88' lang='lat' dir='ltr'>erat</span> <span class='ocrx_word' id='word_1_88' title='bbox 291 1112 450 1157; x_wconf 87' lang='lat' dir='ltr'>amicus,</span> <span class='ocrx_word' id='word_1_89' title='bbox 475 1111 578 1162; x_wconf 81' lang='lat' dir='ltr'>quod</span> <span class='ocrx_word' id='word_1_90' title='bbox 598 1124 647 1148; x_wconf 86' lang='lat' dir='ltr'>ex</span> <span class='ocrx_word' id='word_1_91' title='bbox 667 1124 713 1148; x_wconf 91' lang='lat' dir='ltr'>ea</span> <span class='ocrx_word' id='word_1_92' title='bbox 732 1111 888 1149; x_wconf 86' lang='lat' dir='ltr'>civitate</span> <span class='ocrx_word' id='word_1_93' title='bbox 908 1111 1151 1162; x_wconf 84' lang='lat' dir='ltr'>Orgetorigis</span> <span class='ocrx_word' id='word_1_94' title='bbox 1170 1112 1286 1150; x_wconf 89' lang='lat' dir='ltr'>filiam</span> <span class='ocrx_word' id='word_1_95' title='bbox 1305 1113 1345 1151; x_wconf 90' lang='lat' dir='ltr'>in</span> 
     </span>
     <span class='ocr_line' id='line_1_15' title="bbox 188 1173 1342 1224; baseline 0.003 -14"><span class='ocrx_word' id='word_1_96' title='bbox 188 1173 473 1211; x_wconf 86' lang='lat' dir='ltr'>matrimonium</span> <span class='ocrx_word' id='word_1_97' title='bbox 493 1174 682 1217; x_wconf 79' lang='lat' dir='ltr'>duxerat3</span> <span class='ocrx_word' id='word_1_98' title='bbox 709 1180 762 1219; x_wconf 91' lang='lat' dir='ltr'>et,</span> <span class='ocrx_word' id='word_1_99' title='bbox 778 1173 991 1224; x_wconf 83' lang='lat' dir='ltr'>cupiditate</span> <span class='ocrx_word' id='word_1_100' title='bbox 1008 1174 1116 1224; x_wconf 86' lang='lat' dir='ltr'>regni</span> <span class='ocrx_word' id='word_1_101' title='bbox 1136 1174 1342 1222; x_wconf 85' lang='lat' dir='ltr'>adductus,</span> 
     </span>
     <span class='ocr_line' id='line_1_16' title="bbox 187 1234 1342 1285; baseline 0.003 -14"><span class='ocrx_word' id='word_1_102' title='bbox 187 1234 296 1271; x_wconf 88' lang='lat' dir='ltr'>novis</span> <span class='ocrx_word' id='word_1_103' title='bbox 324 1235 437 1271; x_wconf 89' lang='lat' dir='ltr'>rebus</span> <span class='ocrx_word' id='word_1_104' title='bbox 456 1235 649 1280; x_wconf 82' lang='lat' dir='ltr'>studebat,</span> <span class='ocrx_word' id='word_1_105' title='bbox 686 1242 725 1271; x_wconf 87' lang='lat' dir='ltr'>et</span> <span class='ocrx_word' id='word_1_106' title='bbox 752 1234 1048 1285; x_wconf 85' lang='lat' dir='ltr'>quamplurimas</span> <span class='ocrx_word' id='word_1_107' title='bbox 1079 1235 1254 1274; x_wconf 89' lang='lat' dir='ltr'>civitates</span> <span class='ocrx_word' id='word_1_108' title='bbox 1272 1249 1342 1274; x_wconf 92' lang='lat' dir='ltr'>suo</span> 
     </span>
     <span class='ocr_line' id='line_1_17' title="bbox 186 1295 1342 1347; baseline 0.003 -16"><span class='ocrx_word' id='word_1_109' title='bbox 186 1295 256 1333; x_wconf 90' lang='lat' dir='ltr'>sibi</span> <span class='ocrx_word' id='word_1_110' title='bbox 275 1295 465 1332; x_wconf 81' lang='lat' dir='ltr'>beneficio</span> <span class='ocrx_word' id='word_1_111' title='bbox 492 1295 633 1331; x_wconf 82' lang='lat' dir='ltr'>habere</span> <span class='ocrx_word' id='word_1_112' title='bbox 660 1295 864 1332; x_wconf 84' lang='lat' dir='ltr'>obstrictas</span> <span class='ocrx_word' id='word_1_113' title='bbox 883 1295 1049 1332; x_wconf 87' lang='lat' dir='ltr'>volebat.</span> <span class='ocrx_word' id='word_1_114' title='bbox 1104 1295 1241 1347; x_wconf 87' lang='lat' dir='ltr'>Itaque</span> <span class='ocrx_word' id='word_1_115' title='bbox 1260 1310 1342 1335; x_wconf 89' lang='lat' dir='ltr'>rem</span> 
     </span>
     <span class='ocr_line' id='line_1_18' title="bbox 187 1355 1341 1407; baseline 0.003 -14"><span class='ocrx_word' id='word_1_116' title='bbox 187 1356 361 1407; x_wconf 88' lang='lat' dir='ltr'>suscipit,</span> <span class='ocrx_word' id='word_1_117' title='bbox 390 1362 428 1393; x_wconf 90' lang='lat' dir='ltr'>et</span> <span class='ocrx_word' id='word_1_118' title='bbox 447 1370 470 1393; x_wconf 91' lang='lat' dir='ltr'>a</span> <span class='ocrx_word' id='word_1_119' title='bbox 491 1355 678 1406; x_wconf 86' lang='lat' dir='ltr'>Sequanis</span> <span class='ocrx_word' id='word_1_120' title='bbox 698 1356 891 1406; x_wconf 84' lang='lat' dir='ltr'>impetrat,</span> <span class='ocrx_word' id='word_1_121' title='bbox 915 1364 958 1393; x_wconf 91' lang='lat' dir='ltr'>ut</span> <span class='ocrx_word' id='word_1_122' title='bbox 977 1369 1045 1407; x_wconf 90' lang='lat' dir='ltr'>per</span> <span class='ocrx_word' id='word_1_123' title='bbox 1064 1356 1160 1395; x_wconf 88' lang='lat' dir='ltr'>fines</span> <span class='ocrx_word' id='word_1_124' title='bbox 1179 1370 1267 1396; x_wconf 89' lang='lat' dir='ltr'>suos</span> <span class='ocrx_word' id='word_1_125' title='bbox 1285 1358 1341 1396; x_wconf 83' lang='lat' dir='ltr'>ire</span> 
     </span>
     <span class='ocr_line' id='line_1_19' title="bbox 186 1417 1342 1468; baseline 0.003 -15"><span class='ocrx_word' id='word_1_126' title='bbox 186 1417 389 1454; x_wconf 83' lang='lat' dir='ltr'>Helvetios</span> <span class='ocrx_word' id='word_1_127' title='bbox 409 1417 629 1467; x_wconf 89' lang='lat' dir='ltr'>patiantur;</span> <span class='ocrx_word' id='word_1_128' title='bbox 657 1417 886 1468; x_wconf 87' lang='lat' dir='ltr'>obsidesque</span> <span class='ocrx_word' id='word_1_129' title='bbox 913 1418 969 1454; x_wconf 90' lang='lat' dir='ltr'>uti</span> <span class='ocrx_word' id='word_1_130' title='bbox 1001 1418 1102 1455; x_wconf 86' lang='lat' dir='ltr'>inter</span> <span class='ocrx_word' id='word_1_131' title='bbox 1131 1432 1215 1457; x_wconf 88' lang='lat' dir='ltr'>sese</span> <span class='ocrx_word' id='word_1_132' title='bbox 1247 1419 1342 1457; x_wconf 86' lang='lat' dir='ltr'>dent</span> 
     </span>
     <span class='ocr_line' id='line_1_20' title="bbox 185 1477 1343 1530; baseline 0.003 -16"><span class='ocrx_word' id='word_1_133' title='bbox 185 1478 359 1527; x_wconf 86' lang='lat' dir='ltr'>perficit:</span> <span class='ocrx_word' id='word_1_134' title='bbox 395 1477 577 1528; x_wconf 81' lang='lat' dir='ltr'>Sequani,</span> <span class='ocrx_word' id='word_1_135' title='bbox 616 1490 665 1514; x_wconf 92' lang='lat' dir='ltr'>ne</span> <span class='ocrx_word' id='word_1_136' title='bbox 686 1477 823 1515; x_wconf 88' lang='lat' dir='ltr'>itinere</span> <span class='ocrx_word' id='word_1_137' title='bbox 855 1477 1057 1516; x_wconf 83' lang='lat' dir='ltr'>Helvetios</span> <span class='ocrx_word' id='word_1_138' title='bbox 1084 1479 1343 1530; x_wconf 80' lang='lat' dir='ltr'>prohibeant3</span> 
     </span>
     <span class='ocr_line' id='line_1_21' title="bbox 184 1535 1212 1588; baseline 0.006 -16"><span class='ocrx_word' id='word_1_139' title='bbox 184 1535 370 1582; x_wconf 87' lang='lat' dir='ltr'>Helvetii,</span> <span class='ocrx_word' id='word_1_140' title='bbox 404 1544 447 1574; x_wconf 88' lang='lat' dir='ltr'>ut</span> <span class='ocrx_word' id='word_1_141' title='bbox 474 1536 556 1573; x_wconf 88' lang='lat' dir='ltr'>sine</span> <span class='ocrx_word' id='word_1_142' title='bbox 577 1537 766 1574; x_wconf 88' lang='lat' dir='ltr'>maleficio</span> <span class='ocrx_word' id='word_1_143' title='bbox 786 1545 825 1575; x_wconf 89' lang='lat' dir='ltr'>et</span> <span class='ocrx_word' id='word_1_144' title='bbox 844 1538 983 1588; x_wconf 86' lang='lat' dir='ltr'>injuria</span> <span class='ocrx_word' id='word_1_145' title='bbox 1003 1547 1212 1578; x_wconf 87' lang='lat' dir='ltr'>transeant.</span> 
     </span>
    </p>

    <p class='ocr_par' dir='ltr' id='par_1_4' title="bbox 177 1598 1340 2387">
     <span class='ocr_line' id='line_1_22' title="bbox 235 1598 1339 1644; baseline 0.005 -10"><span class='ocrx_word' id='word_1_146' title='bbox 235 1598 284 1634; x_wconf 90' lang='lat' dir='ltr'>X.</span> <span class='ocrx_word' id='word_1_147' title='bbox 341 1598 495 1635; x_wconf 84' lang='lat' dir='ltr'>Caesari</span> <span class='ocrx_word' id='word_1_148' title='bbox 516 1598 778 1644; x_wconf 85' lang='lat' dir='ltr'>renunciatur,</span> <span class='ocrx_word' id='word_1_149' title='bbox 813 1598 1008 1637; x_wconf 87' lang='lat' dir='ltr'>Helvetiis</span> <span class='ocrx_word' id='word_1_150' title='bbox 1027 1613 1110 1638; x_wconf 89' lang='lat' dir='ltr'>esse</span> <span class='ocrx_word' id='word_1_151' title='bbox 1140 1602 1179 1638; x_wconf 89' lang='lat' dir='ltr'>in</span> <span class='ocrx_word' id='word_1_152' title='bbox 1210 1602 1339 1640; x_wconf 89' lang='lat' dir='ltr'>animo</span> 
     </span>
     <span class='ocr_line' id='line_1_23' title="bbox 182 1659 1339 1710; baseline 0.005 -14"><span class='ocrx_word' id='word_1_153' title='bbox 182 1672 252 1710; x_wconf 87' lang='lat' dir='ltr'>per</span> <span class='ocrx_word' id='word_1_154' title='bbox 270 1672 405 1709; x_wconf 81' lang='lat' dir='ltr'>agrum</span> <span class='ocrx_word' id='word_1_155' title='bbox 441 1659 706 1709; x_wconf 76' lang='lat' dir='ltr'>Sequanorum</span> <span class='ocrx_word' id='word_1_156' title='bbox 726 1666 765 1696; x_wconf 88' lang='lat' dir='ltr'>et</span> <span class='ocrx_word' id='word_1_157' title='bbox 786 1660 1013 1698; x_wconf 89' lang='lat' dir='ltr'>Aeduorum</span> <span class='ocrx_word' id='word_1_158' title='bbox 1033 1661 1107 1699; x_wconf 84' lang='lat' dir='ltr'>iter</span> <span class='ocrx_word' id='word_1_159' title='bbox 1132 1662 1170 1700; x_wconf 88' lang='lat' dir='ltr'>in</span> <span class='ocrx_word' id='word_1_160' title='bbox 1201 1663 1339 1702; x_wconf 86' lang='lat' dir='ltr'>Santo-</span> 
     </span>
     <span class='ocr_line' id='line_1_24' title="bbox 180 1720 1340 1772; baseline 0.005 -15"><span class='ocrx_word' id='word_1_161' title='bbox 180 1735 273 1758; x_wconf 89' lang='lat' dir='ltr'>num</span> <span class='ocrx_word' id='word_1_162' title='bbox 292 1721 387 1758; x_wconf 88' lang='lat' dir='ltr'>fines</span> <span class='ocrx_word' id='word_1_163' title='bbox 407 1720 551 1766; x_wconf 82' lang='lat' dir='ltr'>sacere,</span> <span class='ocrx_word' id='word_1_164' title='bbox 592 1720 657 1771; x_wconf 93' lang='lat' dir='ltr'>qui</span> <span class='ocrx_word' id='word_1_165' title='bbox 687 1734 764 1757; x_wconf 87' lang='lat' dir='ltr'>non</span> <span class='ocrx_word' id='word_1_166' title='bbox 794 1721 909 1772; x_wconf 87' lang='lat' dir='ltr'>longe</span> <span class='ocrx_word' id='word_1_167' title='bbox 942 1735 965 1759; x_wconf 86' lang='lat' dir='ltr'>a</span> <span class='ocrx_word' id='word_1_168' title='bbox 995 1722 1236 1762; x_wconf 85' lang='lat' dir='ltr'>Tolosatium</span> <span class='ocrx_word' id='word_1_169' title='bbox 1255 1725 1340 1763; x_wconf 88' lang='lat' dir='ltr'>fini-</span> 
     </span>
     <span class='ocr_line' id='line_1_25' title="bbox 180 1782 1337 1833; baseline 0.005 -15"><span class='ocrx_word' id='word_1_170' title='bbox 180 1783 252 1819; x_wconf 90' lang='lat' dir='ltr'>bus</span> <span class='ocrx_word' id='word_1_171' title='bbox 273 1782 436 1826; x_wconf 87' lang='lat' dir='ltr'>absunt;</span> <span class='ocrx_word' id='word_1_172' title='bbox 461 1795 559 1832; x_wconf 88' lang='lat' dir='ltr'>quae</span> <span class='ocrx_word' id='word_1_173' title='bbox 580 1782 714 1819; x_wconf 86' lang='lat' dir='ltr'>civitas</span> <span class='ocrx_word' id='word_1_174' title='bbox 747 1790 806 1819; x_wconf 86' lang='lat' dir='ltr'>est</span> <span class='ocrx_word' id='word_1_175' title='bbox 825 1782 863 1819; x_wconf 91' lang='lat' dir='ltr'>in</span> <span class='ocrx_word' id='word_1_176' title='bbox 891 1783 1101 1833; x_wconf 88' lang='lat' dir='ltr'>provincia.</span> <span class='ocrx_word' id='word_1_177' title='bbox 1155 1784 1201 1822; x_wconf 86' lang='lat' dir='ltr'>Id</span> <span class='ocrx_word' id='word_1_178' title='bbox 1219 1785 1251 1823; x_wconf 89' lang='lat' dir='ltr'>si</span> <span class='ocrx_word' id='word_1_179' title='bbox 1270 1786 1337 1824; x_wconf 90' lang='lat' dir='ltr'>fie-</span> 
     </span>
     <span class='ocr_line' id='line_1_26' title="bbox 181 1842 1337 1895; baseline 0.004 -15"><span class='ocrx_word' id='word_1_180' title='bbox 181 1851 253 1889; x_wconf 91' lang='lat' dir='ltr'>ret,</span> <span class='ocrx_word' id='word_1_181' title='bbox 283 1842 526 1893; x_wconf 82' lang='lat' dir='ltr'>intelligebat</span> <span class='ocrx_word' id='word_1_182' title='bbox 545 1855 685 1892; x_wconf 86' lang='lat' dir='ltr'>magno</span> <span class='ocrx_word' id='word_1_183' title='bbox 705 1856 793 1880; x_wconf 91' lang='lat' dir='ltr'>cum</span> <span class='ocrx_word' id='word_1_184' title='bbox 823 1844 996 1894; x_wconf 84' lang='lat' dir='ltr'>periculo</span> <span class='ocrx_word' id='word_1_185' title='bbox 1025 1845 1247 1895; x_wconf 87' lang='lat' dir='ltr'>provinciae</span> <span class='ocrx_word' id='word_1_186' title='bbox 1277 1847 1337 1885; x_wconf 47' lang='lat' dir='ltr'>fud</span> 
     </span>
     <span class='ocr_line' id='line_1_27' title="bbox 180 1904 1337 1955; baseline 0.003 -14"><span class='ocrx_word' id='word_1_187' title='bbox 180 1912 323 1951; x_wconf 82' lang='lat' dir='ltr'>turum,</span> <span class='ocrx_word' id='word_1_188' title='bbox 358 1913 400 1942; x_wconf 91' lang='lat' dir='ltr'>ut</span> <span class='ocrx_word' id='word_1_189' title='bbox 419 1904 593 1941; x_wconf 88' lang='lat' dir='ltr'>homines</span> <span class='ocrx_word' id='word_1_190' title='bbox 612 1904 831 1950; x_wconf 88' lang='lat' dir='ltr'>bellicosos,</span> <span class='ocrx_word' id='word_1_191' title='bbox 851 1906 983 1955; x_wconf 88' lang='lat' dir='ltr'>populi</span> <span class='ocrx_word' id='word_1_192' title='bbox 1016 1906 1182 1944; x_wconf 87' lang='lat' dir='ltr'>Romani</span> <span class='ocrx_word' id='word_1_193' title='bbox 1211 1907 1337 1945; x_wconf 90' lang='lat' dir='ltr'>inimi-</span> 
     </span>
     <span class='ocr_line' id='line_1_28' title="bbox 179 1966 1337 2016; baseline 0.003 -14"><span class='ocrx_word' id='word_1_194' title='bbox 179 1979 258 2011; x_wconf 90' lang='lat' dir='ltr'>cos,</span> <span class='ocrx_word' id='word_1_195' title='bbox 290 1966 384 2003; x_wconf 88' lang='lat' dir='ltr'>locis</span> <span class='ocrx_word' id='word_1_196' title='bbox 404 1966 625 2016; x_wconf 87' lang='lat' dir='ltr'>patentibus</span> <span class='ocrx_word' id='word_1_197' title='bbox 654 1966 900 2016; x_wconf 87' lang='lat' dir='ltr'>maximeque</span> <span class='ocrx_word' id='word_1_198' title='bbox 931 1966 1190 2006; x_wconf 86' lang='lat' dir='ltr'>frumentariis</span> <span class='ocrx_word' id='word_1_199' title='bbox 1222 1968 1337 2006; x_wconf 83' lang='lat' dir='ltr'>finiti-</span> 
     </span>
     <span class='ocr_line' id='line_1_29' title="bbox 177 2026 1333 2080; baseline 0.003 -17"><span class='ocrx_word' id='word_1_200' title='bbox 177 2040 260 2065; x_wconf 91' lang='lat' dir='ltr'>mos</span> <span class='ocrx_word' id='word_1_201' title='bbox 290 2028 463 2064; x_wconf 83' lang='lat' dir='ltr'>haberet.</span> <span class='ocrx_word' id='word_1_202' title='bbox 518 2026 580 2064; x_wconf 90' lang='lat' dir='ltr'>Ob</span> <span class='ocrx_word' id='word_1_203' title='bbox 601 2039 665 2063; x_wconf 87' lang='lat' dir='ltr'>eas</span> <span class='ocrx_word' id='word_1_204' title='bbox 685 2040 837 2064; x_wconf 86' lang='lat' dir='ltr'>caussas</span> <span class='ocrx_word' id='word_1_205' title='bbox 854 2028 888 2065; x_wconf 90' lang='lat' dir='ltr'>ei</span> <span class='ocrx_word' id='word_1_206' title='bbox 905 2028 1123 2075; x_wconf 89' lang='lat' dir='ltr'>munitioni,</span> <span class='ocrx_word' id='word_1_207' title='bbox 1144 2043 1257 2080; x_wconf 90' lang='lat' dir='ltr'>quam</span> <span class='ocrx_word' id='word_1_208' title='bbox 1277 2030 1333 2068; x_wconf 89' lang='lat' dir='ltr'>fe-</span> 
     </span>
     <span class='ocr_line' id='line_1_30' title="bbox 179 2087 1335 2141; baseline 0.005 -18"><span class='ocrx_word' id='word_1_209' title='bbox 179 2095 300 2132; x_wconf 86' lang='lat' dir='ltr'>cerat,</span> <span class='ocrx_word' id='word_1_210' title='bbox 331 2088 376 2123; x_wconf 88' lang='lat' dir='ltr'>T.</span> <span class='ocrx_word' id='word_1_211' title='bbox 396 2087 613 2124; x_wconf 88' lang='lat' dir='ltr'>Labienum</span> <span class='ocrx_word' id='word_1_212' title='bbox 631 2087 801 2138; x_wconf 88' lang='lat' dir='ltr'>legatum</span> <span class='ocrx_word' id='word_1_213' title='bbox 821 2089 1032 2139; x_wconf 84' lang='lat' dir='ltr'>praefecit:</span> <span class='ocrx_word' id='word_1_214' title='bbox 1062 2090 1142 2141; x_wconf 90' lang='lat' dir='ltr'>ipse</span> <span class='ocrx_word' id='word_1_215' title='bbox 1163 2091 1201 2128; x_wconf 90' lang='lat' dir='ltr'>in</span> <span class='ocrx_word' id='word_1_216' title='bbox 1228 2091 1335 2129; x_wconf 88' lang='lat' dir='ltr'>Itali-</span> 
     </span>
     <span class='ocr_line' id='line_1_31' title="bbox 177 2148 1334 2203; baseline 0.005 -19"><span class='ocrx_word' id='word_1_217' title='bbox 177 2161 239 2184; x_wconf 87' lang='lat' dir='ltr'>am</span> <span class='ocrx_word' id='word_1_218' title='bbox 270 2148 416 2197; x_wconf 77' lang='lat' dir='ltr'>magnis</span> <span class='ocrx_word' id='word_1_219' title='bbox 450 2148 649 2185; x_wconf 84' lang='lat' dir='ltr'>itineribus</span> <span class='ocrx_word' id='word_1_220' title='bbox 683 2150 908 2194; x_wconf 87' lang='lat' dir='ltr'>contendit;</span> <span class='ocrx_word' id='word_1_221' title='bbox 936 2151 1108 2202; x_wconf 90' lang='lat' dir='ltr'>duasque</span> <span class='ocrx_word' id='word_1_222' title='bbox 1136 2152 1189 2190; x_wconf 94' lang='lat' dir='ltr'>ibi</span> <span class='ocrx_word' id='word_1_223' title='bbox 1212 2153 1334 2203; x_wconf 86' lang='lat' dir='ltr'>legio-</span> 
     </span>
     <span class='ocr_line' id='line_1_32' title="bbox 178 2209 1333 2264; baseline 0.005 -19"><span class='ocrx_word' id='word_1_224' title='bbox 178 2222 245 2246; x_wconf 90' lang='lat' dir='ltr'>nes</span> <span class='ocrx_word' id='word_1_225' title='bbox 266 2209 487 2254; x_wconf 82' lang='lat' dir='ltr'>conscribit,</span> <span class='ocrx_word' id='word_1_226' title='bbox 520 2216 560 2246; x_wconf 87' lang='lat' dir='ltr'>et</span> <span class='ocrx_word' id='word_1_227' title='bbox 586 2217 678 2256; x_wconf 87' lang='lat' dir='ltr'>tres,</span> <span class='ocrx_word' id='word_1_228' title='bbox 709 2223 807 2261; x_wconf 87' lang='lat' dir='ltr'>quae</span> <span class='ocrx_word' id='word_1_229' title='bbox 828 2211 973 2249; x_wconf 91' lang='lat' dir='ltr'>circum</span> <span class='ocrx_word' id='word_1_230' title='bbox 1002 2214 1223 2264; x_wconf 89' lang='lat' dir='ltr'>Aquileiam</span> <span class='ocrx_word' id='word_1_231' title='bbox 1251 2214 1333 2252; x_wconf 91' lang='lat' dir='ltr'>hie-</span> 
     </span>
     <span class='ocr_line' id='line_1_33' title="bbox 178 2270 1334 2325; baseline 0.006 -19"><span class='ocrx_word' id='word_1_232' title='bbox 178 2270 347 2314; x_wconf 85' lang='lat' dir='ltr'>mabant,</span> <span class='ocrx_word' id='word_1_233' title='bbox 381 2283 430 2306; x_wconf 79' lang='lat' dir='ltr'>cx</span> <span class='ocrx_word' id='word_1_234' title='bbox 449 2270 620 2308; x_wconf 84' lang='lat' dir='ltr'>hibernis</span> <span class='ocrx_word' id='word_1_235' title='bbox 648 2272 805 2315; x_wconf 90' lang='lat' dir='ltr'>educit;</span> <span class='ocrx_word' id='word_1_236' title='bbox 847 2280 898 2319; x_wconf 89' lang='lat' dir='ltr'>et,</span> <span class='ocrx_word' id='word_1_237' title='bbox 928 2287 1003 2324; x_wconf 87' lang='lat' dir='ltr'>qua</span> <span class='ocrx_word' id='word_1_238' title='bbox 1021 2275 1239 2325; x_wconf 87' lang='lat' dir='ltr'>proximum</span> <span class='ocrx_word' id='word_1_239' title='bbox 1260 2276 1334 2313; x_wconf 87' lang='lat' dir='ltr'>iter</span> 
     </span>
     <span class='ocr_line' id='line_1_34' title="bbox 179 2330 1332 2387; baseline 0.007 -21"><span class='ocrx_word' id='word_1_240' title='bbox 179 2330 215 2367; x_wconf 87' lang='lat' dir='ltr'>in</span> <span class='ocrx_word' id='word_1_241' title='bbox 237 2330 457 2369; x_wconf 87' lang='lat' dir='ltr'>ulteriorem</span> <span class='ocrx_word' id='word_1_242' title='bbox 478 2330 643 2369; x_wconf 89' lang='lat' dir='ltr'>Galliam</span> <span class='ocrx_word' id='word_1_243' title='bbox 661 2345 732 2384; x_wconf 90' lang='lat' dir='ltr'>per</span> <span class='ocrx_word' id='word_1_244' title='bbox 751 2333 874 2385; x_wconf 88' lang='lat' dir='ltr'>Alpes</span> <span class='ocrx_word' id='word_1_245' title='bbox 893 2342 989 2382; x_wconf 86' lang='lat' dir='ltr'>erat,</span> <span class='ocrx_word' id='word_1_246' title='bbox 1018 2348 1106 2374; x_wconf 90' lang='lat' dir='ltr'>cum</span> <span class='ocrx_word' id='word_1_247' title='bbox 1133 2336 1191 2374; x_wconf 90' lang='lat' dir='ltr'>his</span> <span class='ocrx_word' id='word_1_248' title='bbox 1223 2336 1332 2387; x_wconf 88' lang='lat' dir='ltr'>quin-</span> 
     </span>
    </p>
   </div>
  </div>
 </body>
</html>
