1556 2683
279 284 352 321 106
563 283 637 320 DE
680 283 857 321 BELLO
901 284 1143 323 GALLICO

279 399 352 436 que
373 386 450 424 hoc
480 400 605 437 neque
637 388 831 437 superiore
856 400 969 434 anno,
1007 388 1084 425 ulla
1116 387 1269 425 omnino
1298 390 1417 435 navis,

279 459 376 496 quae
392 447 531 484 milites
543 454 727 497 portaret,
741 447 1039 485 desideraretur:
1060 454 1099 484 at
1114 461 1163 484 ex
1179 447 1237 493 iis,
1254 461 1351 498 quae
1367 450 1423 486 in-

277 520 368 544 anes
384 521 431 545 ex
449 507 661 545 continenti
681 507 729 545 ad
749 521 836 544 eum
857 508 1157 553 remitterentur,
1181 510 1266 558 [et]
1287 509 1421 560 prioris

280 569 516 605 commeatus
537 568 722 618 expositis
742 568 939 613 militibus,
958 575 998 605 et
1017 581 1109 618 quas
1128 578 1262 619 postea
1281 570 1422 607 Labie-

276 641 347 665 nus
366 628 563 665 faciendas
579 636 780 666 curaverat
798 642 958 666 numero
979 641 1046 674 Lx,
1063 641 1280 679 perpaucae
1296 630 1425 668 locum

275 696 472 740 caperent,
486 689 656 740 reliquae
670 689 751 726 fere
772 703 902 727 omnes
916 690 1179 739 rejicerentur.
1192 703 1285 740 quas
1302 705 1420 742 quum

277 750 510 800 aliquamdiu
525 750 666 787 Caesar
684 749 825 787 frustra
844 751 1120 800 exspectasset,
1146 763 1194 788 ne
1216 752 1303 788 anni
1324 759 1421 789 tem-

273 825 367 862 pore
387 824 408 848 a
433 811 677 861 navigatione
696 812 981 857 excluderetur,
1011 812 1114 862 quod
1132 812 1419 862 aequinoctium

277 872 444 917 suberat,
478 872 693 910 necessario
720 872 918 922 angustius
938 872 1078 908 milites
1098 872 1323 910 collocavit:
1362 886 1423 919 ac,

276 945 423 969 summa
441 933 717 983 tranquillitate
751 941 972 978 consecuta,
992 934 1163 971 secunda
1192 934 1285 971 inita
1304 947 1422 984 quum

275 993 449 1031 solvisset
467 994 609 1044 vigilia,
642 995 763 1045 prima
782 995 869 1032 luce
889 1001 1028 1031 terram
1049 994 1191 1045 attigit,
1212 1007 1421 1046 omnesque
1469 1029 1472 1032 ,

273 1054 486 1092 incolumes
506 1068 619 1092 naves
640 1054 835 1106 perduxit.

326 1116 472 1153 XXIV.
538 1116 745 1154 Subductis
764 1115 937 1162 navibus,
954 1116 1195 1167 concilioque
1212 1118 1413 1155 Gallorum

277 1177 563 1215 Samarobrivae
584 1184 764 1227 peract03
800 1177 902 1227 quod
933 1190 979 1214 eo
999 1190 1098 1215 anno
1117 1178 1350 1216 frumentum
1382 1179 1421 1216 in

275 1237 403 1274 Gallia
421 1246 577 1289 propter
596 1238 789 1276 siccitates
809 1239 1007 1288 angustius
1026 1246 1268 1288 provenerat,
1305 1252 1416 1277 coac-

273 1305 336 1336 tus
355 1307 412 1336 est
432 1299 556 1345 aliter,
576 1312 621 1337 ac
640 1299 899 1349 superioribus
919 1299 1041 1344 annis,
1070 1300 1284 1337 exercitum
1305 1301 1343 1338 in
1363 1301 1420 1338 hi-

273 1361 403 1398 bernis
422 1362 626 1407 collocare,
639 1361 886 1410 legionesque
903 1360 940 1396 in
956 1360 1083 1410 plures
1100 1360 1272 1398 civitates
1288 1361 1416 1398 distri-

273 1421 417 1458 buere:
439 1434 487 1459 ex
508 1421 644 1471 quibus
664 1433 777 1458 unam
797 1420 834 1457 in
855 1420 1029 1458 Morinos
1049 1420 1264 1458 ducendam
1286 1422 1330 1460 C.
1350 1422 1420 1460 Fa-

270 1482 336 1518 bio
355 1482 484 1532 legato
497 1482 604 1519 dedit
619 1497 628 1525 3
647 1482 804 1519 alteram
820 1481 857 1518 in
874 1481 1036 1519 Nervios
1057 1483 1104 1523 Q.
1120 1482 1298 1521 Ciceroni
1316 1499 1324 1526 ;
1343 1491 1420 1521 ter-

272 1543 364 1580 tiam
385 1543 422 1579 in
443 1543 585 1580 Essuos
605 1542 651 1579 L.
672 1543 840 1580 Roscio:
861 1549 1031 1593 quartam
1052 1542 1091 1578 in
1112 1542 1242 1580 Remis
1263 1557 1349 1581 cum
1371 1544 1419 1582 T.

272 1602 447 1640 Labieno
467 1603 504 1639 in
536 1602 703 1640 confinio
724 1601 968 1640 Trevirorum
987 1602 1155 1640 hiemare
1169 1603 1307 1653 jussit:
1344 1612 1421 1642 tres

273 1665 311 1701 in
340 1664 475 1713 Belgio
509 1663 724 1701 collocavit.
760 1662 818 1699 his
853 1662 908 1699 M.
929 1662 1122 1708 Crassum,
1160 1671 1417 1714 quaestorem,

274 1732 313 1762 et
342 1725 389 1761 L.
409 1724 629 1762 Munatium
649 1724 834 1761 Plancum
854 1731 893 1761 et
912 1722 957 1760 C.
977 1724 1224 1770 Trebonium,
1255 1725 1417 1775 legatos,

271 1786 469 1837 praefecit.
524 1786 650 1823 Unam
671 1784 876 1835 legionem,
897 1797 1009 1835 quam
1029 1785 1204 1834 proxime
1224 1794 1326 1824 trans
1342 1786 1418 1825 Pa·

273 1847 365 1884 dum
386 1846 679 1897 conscripserat,
711 1853 750 1883 et
779 1845 955 1883 cohortes
976 1858 1002 1882 v
1022 1846 1060 1882 in
1081 1846 1297 1893 Eburones,
1324 1862 1417 1899 quo-

271 1922 357 1945 rum
376 1921 462 1958 pars
481 1908 647 1945 maxima
677 1915 735 1945 est
754 1907 854 1944 inter
874 1906 1025 1944 Mosam
1045 1920 1090 1945 ac
1124 1907 1319 1955 Rhenum,
1351 1910 1415 1960 qui

271 1970 341 2006 sub
361 1968 520 2019 imperio
538 1967 774 2017 Ambiorigis
792 1975 830 2004 et
848 1967 1032 2005 Cativolci
1053 1975 1174 2013 erant,
1190 1967 1304 2005 misit.
1341 1968 1416 2007 His

271 2030 454 2068 militibus
481 2031 528 2071 Q.
562 2029 753 2067 Titurium
787 2028 970 2065 Sabinum
1004 2035 1043 2066 et
1070 2028 1116 2065 L.
1138 2029 1415 2068 Arunculeium

272 2093 441 2137 Cottam,
453 2091 614 2140 legatos,
630 2102 807 2140 praeesse
817 2089 942 2139 jussit.
973 2089 1037 2126 Ad
1053 2089 1155 2127 hunc
1169 2091 1322 2128 modum
1339 2092 1413 2128 dis-

270 2153 423 2191 tributis
434 2152 663 2203 legionibus,
683 2150 863 2188 facillime
877 2149 1028 2200 inopiae
1044 2149 1314 2189 frumentariae
1334 2165 1416 2189 sese

270 2215 415 2252 mederi
435 2215 544 2264 posse
559 2212 802 2250 existimavit.
848 2212 979 2261 Atque
994 2211 1127 2248 harum
1145 2218 1271 2249 tamen
1293 2214 1413 2250 omni·

272 2288 335 2312 um
360 2274 555 2324 legionum
575 2273 735 2310 hiberna
759 2272 934 2324 (praeter
953 2285 1050 2318 eam,
1071 2285 1183 2322 quam
1204 2273 1250 2310 L.
1271 2273 1414 2312 Roscio

270 2335 307 2372 in
335 2335 615 2386 pacatissimam
645 2341 685 2372 et
717 2333 991 2385 quietissimam
1017 2341 1164 2384 partem
1198 2334 1412 2373 ducendam
