1556 2683
642 311 807 350 LIBER
861 312 892 348 I.
1268 313 1342 351 ‘249

193 416 343 454 nunciis
362 416 462 454 ultro
483 416 658 467 citroque
677 416 812 460 missis,
841 427 937 466 quae
958 413 1198 464 ignorabant,
1226 412 1274 451 de
1294 412 1341 450 L.

194 476 356 514 Domitii
376 476 467 526 fuga
487 484 739 526 cognoscunt.
780 476 917 525 Itaque
937 487 1069 512 omnes
1085 487 1160 512 uno
1181 474 1340 511 consilio

194 535 424 581 Domitium,
440 536 670 586 productum
691 536 729 572 in
748 535 959 585 publicum,
979 534 1280 578 circumsistunt,
1300 542 1340 571 et

192 596 430 642 custodiunt,
460 597 685 646 legatosque
714 609 762 633 ex
783 609 852 633 suo
872 608 1032 633 numero
1059 596 1108 632 ad
1137 594 1342 632 Caesarem

192 657 371 700 mittunt;
404 670 487 694 sese
515 666 666 708 paratos
697 670 779 694 esse
810 664 940 707 portas
972 656 1136 706 aperire,
1164 667 1340 705 quaeque

191 718 434 768 imperaverit
456 718 596 763 facere,
616 725 655 755 et
678 717 723 754 L.
743 717 957 755 Domitium
974 716 1098 754 vivum
1117 716 1154 752 in
1171 717 1252 765 ejus
1271 728 1339 764 po-

190 785 367 815 testatem
388 779 555 816 tradere.

243 839 349 877 XXI.
405 840 554 880 Quibus
581 840 696 877 rebus
717 839 895 890 cognitis,
927 839 1083 885 Caesar,
1107 838 1178 876 etsi
1207 837 1338 888 magni

188 899 371 936 interesse
405 899 674 944 arbitrabatur,
705 912 818 949 quam
837 899 1002 950 primum
1036 899 1179 950 oppido
1209 898 1339 948 potiri,

188 960 444 1010 cohortesque
463 960 512 996 ad
540 972 580 996 se
599 960 636 996 in
657 967 785 996 castra
812 960 1076 1005 transducere,
1108 972 1156 997 ne
1177 972 1252 1010 qua
1270 966 1338 996 aut

186 1020 464 1070 largitionibus,
486 1027 552 1057 aut
571 1020 687 1057 animi
707 1020 1013 1066 confirmatione,
1032 1028 1099 1058 aut
1119 1020 1221 1058 falsis
1240 1033 1337 1056 nun-

186 1080 268 1124 ciis,
289 1080 538 1118 commutatio
558 1080 667 1117 fieret
682 1081 901 1126 voluntatis,
922 1081 1028 1131 quod
1047 1094 1161 1131 saepe
1181 1081 1219 1117 in
1234 1081 1336 1118 bello

183 1140 308 1190 parvis
328 1140 532 1177 momentis
561 1140 689 1191 magni
709 1153 819 1178 casus
852 1141 1161 1183 intercederent:
1192 1149 1335 1186 tamen,

182 1201 326 1238 veritus
343 1214 390 1238 ne
403 1200 565 1237 militum
579 1201 752 1247 introitu,
768 1209 808 1238 et
823 1202 1002 1239 nocturni
1017 1203 1200 1252 temporis
1215 1202 1335 1239 licen-

187 1262 255 1307 tia,
271 1262 453 1312 oppidum
470 1261 713 1311 diriperetur,
729 1275 810 1308 eos,
830 1263 895 1313 qui
909 1270 1107 1308 venerant,
1127 1263 1335 1308 collaudat,

181 1328 299 1372 atque
318 1321 355 1357 in
372 1321 555 1372 oppidum
575 1321 751 1365 dimittit;
769 1330 900 1372 portas
916 1335 1122 1373 murosque
1140 1323 1334 1359 adservari

176 1384 300 1431 jubet.
329 1382 415 1432 lpse
435 1382 479 1419 iis
499 1383 693 1433 operibus,
713 1396 811 1433 quae
831 1382 959 1420 facere
979 1383 1213 1428 instituerat,
1233 1383 1333 1419 mili-

181 1453 239 1480 tes
259 1443 444 1493 disponit,
464 1455 542 1479 non
562 1444 677 1480 certis
696 1443 827 1494 spatiis
847 1443 1085 1488 intermissis,
1106 1451 1148 1480 ut
1167 1451 1250 1480 erat
1269 1457 1332 1481 su-

181 1505 376 1556 periorum
403 1504 551 1542 dierum
578 1504 833 1550 consuetudo,
863 1504 931 1541 sed
953 1505 1150 1555 perpetuis
1180 1504 1332 1554 vigiliis,

179 1565 499 1616 stationibusque,
530 1572 573 1602 ut
593 1565 822 1614 contingant
841 1564 940 1602 inter
959 1577 1015 1610 sc,
1043 1572 1159 1615 atque
1178 1577 1331 1602 omnem

177 1626 432 1663 munitionem
451 1626 637 1676 expleant
653 1639 661 1662 :
682 1625 856 1662 tribunos
874 1624 1038 1662 militum
1055 1633 1096 1662 et
1113 1625 1332 1675 praefectos

180 1687 469 1731 circummittit;
499 1695 614 1737 atque
634 1687 824 1731 hortatur,
851 1699 929 1722 non
955 1685 1077 1723 solum
1097 1687 1144 1723 ab
1160 1686 1330 1736 eruptio-

175 1750 289 1787 nibus
310 1755 484 1795 caveant,
504 1748 572 1785 sed
591 1748 705 1785 etiam
725 1748 963 1797 singulorum
982 1747 1178 1784 hominum
1198 1748 1330 1785 occul-

177 1817 238 1847 tos
271 1810 397 1848 exitus
427 1808 643 1845 adservent.
698 1807 836 1858 Neque
866 1820 957 1844 vero
990 1815 1068 1845 tam
1098 1808 1255 1846 remisso
1282 1822 1330 1846 ac

177 1870 361 1921 languido
385 1870 512 1907 animo
539 1869 738 1920 quisquam
759 1869 929 1906 omnium
949 1868 1033 1913 fuit,
1065 1869 1129 1919 qui
1149 1882 1194 1906 ea
1211 1877 1328 1907 nocte

176 1929 463 1981 conquieverit:
485 1937 591 1966 tanta
610 1936 694 1966 erat
708 1941 855 1966 summa
869 1942 995 1966 rerum
1011 1929 1265 1978 exspectatio,
1287 1937 1328 1966 ut

174 1993 272 2031 alius
290 1991 329 2028 in
348 1991 460 2028 aliam
480 1997 628 2041 partem
654 1998 783 2027 mente
803 1997 920 2040 atque
939 1989 1067 2027 animo
1096 1990 1326 2034 traheretur,

173 2053 268 2104 quid
297 2052 387 2102 ipsis
419 2051 736 2096 Corfiniensibus,
769 2050 862 2101 quid
884 2050 1072 2096 Domitio,
1104 2051 1196 2100 quid
1225 2051 1325 2088 Len-

117 2143 121 2147 .
172 2114 268 2159 tulo,
289 2112 380 2164 quid
399 2112 554 2162 reliquis
573 2111 783 2157 accideret,
803 2111 867 2162 qui
884 2124 1057 2162 quosque
1077 2119 1238 2148 eventus
1258 2125 1325 2150 ex-

174 2175 363 2225 ciperent.

226 2234 354 2271 XXII.
409 2236 556 2276 Quarta
588 2234 742 2271 circiter
763 2234 891 2283 vigilia
919 2233 1109 2271 Lentulus
1140 2233 1324 2283 Spinther

173 2295 222 2333 ‹le
242 2308 352 2332 muro
372 2308 458 2332 cum
488 2295 626 2345 vigiliis
646 2295 948 2345 custodibusque
968 2295 1109 2331 nostris
1138 2294 1324 2345 colloqui-

175 2364 252 2400 tur,
285 2354 395 2400 velle‚
432 2355 462 2392 si
482 2355 553 2392 sibi
573 2356 639 2393 fiat
657 2362 843 2406 potestas,
878 2356 1082 2393 Caesarem
1102 2355 1322 2393 convenire.

255 2415 364 2452 Tou.
394 2415 425 2452 I.
750 2415 767 2451 I
796 2415 806 2452 i
