1556 2683
221 292 296 326 :³52
540 291 615 327 DE
658 289 836 328 BELLO
879 290 1047 329 CIVILI

222 390 346 428 ciliani
368 392 531 429 miserat.
574 395 747 445 Reperit,
782 395 956 431 consules
976 393 1261 443 Dyrrhachium
1276 407 1366 444 pron

220 451 344 488 sectos
360 466 446 489 cum
467 467 605 503 magna
633 464 740 504 parte
762 454 969 499 exercitus,
999 454 1225 503 Pompeium
1245 467 1366 491 rema-

221 524 311 548 nere
327 512 519 550 brundisii
533 527 619 551 curn
636 514 858 551 cohortibus
872 528 938 550 xx.
958 526 1082 564 neque
1098 521 1247 551 certum
1261 515 1367 551 inve-

218 571 289 608 niri
303 580 468 622 poterat,
485 574 733 611 obtinendine
748 574 939 611 Brundisii
954 588 1089 611 caussa
1102 574 1152 611 ibi
1166 574 1367 611 remansis-

218 640 289 676 set,
312 647 387 682 quo
416 634 563 671 facilius
587 647 700 670 omne
731 634 1001 672 Hadriaticum
1030 648 1149 680 mare,
1183 636 1366 672 extremis

218 693 350 730 Italiac
366 695 535 743 partibus
552 694 848 744 regionibusque
865 695 1067 741 Graeciae,
1081 695 1117 731 in
1134 703 1365 745 potestatem

215 754 390 798 haberet,
411 761 528 804 atque
549 768 597 791 ex
619 762 779 805 uti-aqut¹
802 763 908 804 parte
929 757 1072 793 bellum
1099 756 1362 793 administrare

216 822 370 864 posset;
400 829 446 852 an
468 815 597 865 inopia
625 816 776 852 navium
800 817 850 852 ibi
876 817 1101 854 restitisset:
1131 818 1365 867 veritusque,

214 889 264 913 ne
285 876 432 913 Italiam
453 876 515 912 ille
549 876 813 913 dimittendam
848 891 924 914 non
953 877 1206 923 existimaret,
1235 879 1363 915 exitus

215 936 642 986 administrationesque
664 937 885 973 Brundisini
906 944 1039 987 portus
1060 937 1244 987 impedire
1261 938 1366 974 insti-

216 997 311 1034 tuit:
340 1011 502 1047 quorum
522 1010 680 1047 operum
698 998 793 1034 liaec
813 1006 894 1035 erat
909 999 1020 1035 ratio.
1067 1000 1153 1039 Qua
1179 998 1309 1035 fauces
1329 1011 1368 1034 c-

216 1065 302 1094 rant
322 1057 612 1108 angustissimae
624 1065 771 1108 portus,
793 1059 910 1096 moles
923 1066 1038 1108 atque
1060 1072 1240 1109 aggerem
1261 1061 1307 1096 ab
1328 1073 1369 1095 u-

218 1126 353 1168 traque
373 1128 481 1168 parte
496 1119 635 1155 littoris
648 1119 832 1168 jaciebat,
851 1120 954 1169 quod
974 1119 1031 1155 his
1050 1119 1143 1156 locis
1158 1127 1240 1156 erat
1254 1120 1369 1156 vado-

217 1193 299 1216 sum
322 1193 439 1216 mare.
492 1179 667 1229 Longius
686 1193 924 1230 progressus,
945 1194 1063 1231 quum
1092 1193 1212 1230 agger
1231 1180 1367 1217 altiore

213 1253 313 1291 aqua
346 1241 533 1278 contineri
566 1254 642 1277 non
673 1248 816 1290 posset,
846 1249 946 1278 rates
979 1241 1166 1291 duplices,
1209 1255 1365 1291 quoquo

214 1314 345 1339 versus
366 1302 506 1351 pedum
527 1314 623 1347 XXX,
651 1314 671 1338 e
691 1301 849 1351 regione
868 1302 977 1339 molis
998 1302 1225 1339 collocabat.
1283 1302 1366 1339 Has

214 1362 411 1412 quaternis
440 1361 616 1398 anchoris
637 1374 686 1398 ex
708 1369 872 1412 quatuor
891 1363 1040 1412 angulis
1069 1362 1300 1408 destinabat,
1314 1376 1361 1399 ne

213 1423 395 1460 fluctibus
429 1429 686 1459 moverentur.
750 1422 823 1459 His
851 1423 1046 1472 perfectis,
1075 1423 1363 1474 collocatisque,

214 1484 307 1521 alias
341 1484 524 1534 deinceps
543 1483 625 1533 pari
645 1483 911 1533 magnitudine
939 1490 1039 1521 rates
1055 1485 1262 1534 jungebat:
1297 1485 1363 1522 has

213 1552 316 1581 terra
343 1551 458 1593 atque
480 1556 622 1593 aggere
643 1543 855 1592 integebat,
888 1557 937 1581 ne
957 1544 1081 1582 aditus
1101 1554 1216 1595 atque
1237 1546 1364 1583 incur-

214 1618 277 1641 sus
296 1604 344 1642 ad
364 1604 650 1641 defendendum
670 1604 943 1654 impediretur:
971 1618 993 1642 a
1011 1604 1152 1651 fronte,
1180 1613 1295 1656 atque
1315 1607 1362 1643 ab

214 1674 377 1716 utroque
407 1666 541 1710 latere,
575 1666 742 1703 cratibus
775 1678 819 1702 ac
855 1665 996 1714 pluteis
1038 1667 1290 1716 protegebat:
1328 1667 1366 1703 in

214 1735 349 1777 quarta
366 1740 516 1777 quaque
536 1740 666 1763 earum
684 1733 807 1763 turres
827 1727 1002 1763 binorum
1022 1727 1277 1763 tabulatorum
1298 1740 1366 1764 ex-

214 1789 372 1832 citabat,
395 1801 469 1837 quo
487 1787 725 1824 commodius
743 1788 791 1824 ab
810 1787 956 1837 impetu
977 1787 1142 1832 navium,
1159 1787 1363 1825 incendiis-

214 1862 302 1899 que,
336 1849 582 1886 defenderet.

258 1910 404 1946 XXVI.
461 1911 608 1947 Contra
627 1909 723 1947 haec
745 1910 952 1959 Pompeius
973 1923 1086 1948 naves
1099 1923 1254 1960 magnas
1275 1924 1366 1948 one-

205 1972 348 2015 darias,
377 1984 470 2020 quas
490 1970 526 2006 in
555 1978 670 2020 portu
690 1970 920 2008 Brundisino
951 1971 1272 2022 deprehenderat,
1301 1972 1367 2008 ad-

216 2032 390 2069 ornabat.
436 2032 494 2068 lbi
528 2038 650 2068 turres
685 2044 772 2068 cum
811 2032 929 2069 ternis
969 2031 1148 2069 tabulatis
1181 2032 1367 2082 erigebat,

215 2105 370 2142 easque,
387 2092 514 2128 multis
531 2093 729 2129 tormentis
750 2099 789 2129 et
809 2092 910 2130 omni
925 2106 1065 2142 genere
1080 2093 1242 2129 telorum
1260 2106 1363 2131 com-

213 2153 348 2202 pletaS,
369 2152 417 2189 ad
434 2165 551 2202 opera
571 2152 744 2189 Caesaris
764 2152 995 2202 appellebat,
1012 2160 1054 2189 ut
1074 2160 1173 2189 rates
1189 2165 1359 2202 perrum-

211 2220 335 2263 peret,
356 2220 471 2261 atque
488 2225 604 2262 opera
619 2213 862 2249 disturbaret.
910 2212 973 2249 Sic
998 2213 1169 2262 quotidie
1185 2213 1364 2263 utrinque

212 2273 360 2310 eminus
377 2273 519 2318 fundis,
539 2274 702 2323 sagittis,
730 2273 962 2323 reliquisque
981 2273 1081 2318 telis,
1108 2275 1362 2323 pugnabatur.

213 2335 345 2384 Atque
365 2334 462 2371 hacc
482 2334 536 2371 ita
555 2334 697 2372 Caesar
725 2333 1029 2379 administrabat,
1060 2341 1102 2370 ut
1121 2334 1362 2372 conditiones
