1556 2683
551 289 718 330 LIBER
769 290 822 330 11.
1241 284 1297 330 41.

136 396 274 436 Cretas
305 396 540 448 sagittarios,
574 403 612 434 et
644 396 859 434 funditores
892 394 1089 440 Baleares,
1121 393 1291 433 subsidio

135 458 338 509 oppidanis
352 457 482 496 mittit.
509 471 673 509 quorum
692 458 877 503 adventu,
903 464 943 495 et
964 455 1098 494 Remis
1117 468 1204 493 cum
1224 468 1292 507 spe

133 519 370 557 defensionis
400 519 570 557 studium
598 518 872 570 propugnandi
900 518 1079 563 accessit,
1108 525 1148 555 et
1175 517 1294 555 hosti-

134 582 206 618 bus
240 581 376 618 eadem
408 580 456 618 dc
486 593 622 619 caussa
641 593 727 632 spes
746 579 923 631 potiundi
944 580 1075 631 oppidi
1104 579 1294 618 discessit.

135 642 288 692 Itaque,
304 642 512 693 paullisper
524 642 628 693 apud
643 641 829 692 oppidum
843 642 994 687 morati,
1008 654 1200 693 agrosque
1214 641 1294 679 Re-

134 716 284 740 morum
305 702 544 753 depopulati,
565 702 743 739 omnibus
763 701 870 748 vicis,
897 702 1177 753 aedificiisque,
1197 715 1295 753 quos

134 763 242 800 adire
262 770 458 814 poterant,
488 755 667 807 incensis,
693 763 743 800 ad
762 770 888 801 castra
907 763 1082 801 Caesaris
1112 763 1294 806 omnibus

137 824 258 875 copiis
279 824 581 871 contenderunt,
601 832 640 862 et
660 826 707 862 ab
729 824 895 863 millibus
915 837 1097 876 passuum
1116 824 1242 862 minus
1257 835 1294 862 11

134 892 262 923 castra
290 892 529 936 posuerunt:
560 899 659 937 quae
681 895 820 933 castra,
851 894 894 924 ut
924 886 1032 925 sunm
1051 894 1168 937 atque
1194 886 1294 937 igni·-

132 947 206 984 bus
225 947 530 997 significabatur,
564 948 726 998 amplius
752 948 920 986 millibus
939 961 1121 999 passuum
1141 959 1225 985 V111
1254 948 1296 987 in.

135 1008 379 1046 latitudinem
398 1009 597 1059 patebant.

186 1070 299 1107 VIII.
356 1070 501 1109 Caesar
515 1071 653 1121 primo,
669 1076 710 1107 et
724 1077 884 1122 propter
899 1069 1187 1108 multitudinem
1205 1070 1296 1109 hos-

134 1132 245 1178 tium,
276 1139 316 1169 ct
336 1138 495 1183 propter
514 1132 696 1170 eximIam
718 1130 941 1182 opinionem
959 1131 1128 1178 virtutis,
1148 1132 1297 1183 proelio

133 1182 386 1245 supersedere
402 1194 535 1232 statuit
551 1207 560 1230 ε
586 1193 759 1244 quotidie
774 1201 905 1231 tamen
919 1193 1164 1244 equestribus
1180 1206 1294 1244 proe-

132 1254 207 1301 liis,
239 1255 333 1306 quid
359 1255 481 1293 hostis
499 1255 641 1293 virtute
666 1263 811 1305 posset,
843 1261 882 1292 et
903 1254 995 1305 quid
1024 1255 1146 1293 nostri
1174 1255 1294 1293 aude-

133 1324 236 1362 rent,
263 1317 568 1368 periclitabatur.
621 1316 701 1354 Ubi
720 1323 874 1354 nostros
893 1329 971 1354 non
990 1328 1074 1353 esse
1093 1315 1296 1355 inferiores

134 1379 341 1425 intellexit,
375 1379 462 1417 loco
482 1391 552 1430 pro
572 1378 708 1417 castris
727 1377 778 1416 ad
795 1378 919 1416 aciem
938 1376 1204 1416 instruendam
1227 1390 1296 1416 na-

133 1447 221 1479 tura
240 1438 459 1492 opportuno
479 1448 597 1491 atque
617 1440 773 1487 idoneo,
793 1439 901 1491 quod
920 1439 951 1477 is
980 1439 1104 1486 collis,
1125 1439 1191 1478 ubi
1210 1453 1294 1479 cas-

132 1509 194 1540 tra
211 1503 337 1554 posita
350 1509 474 1549 erant,
493 1502 707 1553 paullulum
724 1514 774 1540 ex
793 1500 960 1552 planicie
980 1500 1121 1546 editus,
1141 1507 1295 1540 tantum

134 1565 319 1603 adversus
339 1565 377 1602 in
396 1564 641 1602 latitudinem
661 1564 834 1614 patebat,
867 1571 1055 1614 quantum
1084 1563 1162 1601 loci
1190 1565 1295 1610 acies

136 1627 325 1664 instructa
339 1638 532 1677 occupare
547 1632 713 1676 poterat,
734 1631 851 1676 atque
867 1637 917 1662 ex
938 1631 1101 1676 utraque
1116 1632 1226 1676 parte
1241 1625 1296 1665 la-

134 1688 227 1726 teris
243 1688 420 1738 dejectus
439 1687 622 1733 habebat,
643 1694 696 1733 et,
728 1686 896 1724 frontem
916 1686 1056 1724 leniter
1074 1685 1294 1738 fastigatuS,

132 1749 332 1802 paullatim
352 1750 402 1787 ad
416 1749 624 1801 planiciem
639 1748 810 1786 redibat:
829 1750 877 1787 ab
893 1756 1060 1800 utroque
1074 1749 1196 1788 latere
1211 1751 1295 1801 ejus

133 1812 243 1851 coliis
270 1819 527 1849 transversam
554 1810 697 1848 fossam
725 1809 891 1848 obduxit
923 1810 1080 1849 circiter
1110 1823 1295 1862 passuum

133 1884 187 1911 cn
205 1887 214 1911 :
249 1880 289 1911 et
308 1873 358 1910 ad
386 1880 580 1911 extremas
600 1871 719 1909 fossas
748 1871 908 1910 castella
926 1871 1144 1919 constituit,
1163 1871 1296 1924 ibique

134 1942 326 1972 tormenta
359 1934 565 1973 collocavit
581 1950 589 1979 ς
626 1946 689 1980 ne,
721 1947 839 1985 quum
872 1933 996 1972 aciem
1031 1933 1295 1980 instruxisset,

134 1995 281 2043 hostes,
301 1997 407 2048 quod
425 2003 574 2034 tantum
595 1995 844 2034 multitudine
862 2002 1057 2047 poterant,
1087 1995 1135 2033 ab
1165 1995 1296 2034 lateri-

132 2057 208 2096 bus
228 2066 448 2110 pugnantes
467 2071 558 2096 suos
578 2057 858 2096 circumvenire
877 2064 1048 2109 possent.
1102 2056 1195 2095 Hoc
1213 2057 1294 2096 fac-

131 2125 189 2165 to,
210 2119 359 2157 duabus
374 2119 607 2170 legionibus,
627 2132 722 2170 quas
741 2119 918 2170 proxime
934 2117 1233 2170 conscripserat,
1252 2118 1292 2157 in

134 2181 272 2219 castris
305 2181 463 2228 relictis,
492 2189 548 2227 ut,
580 2181 611 2218 si
632 2194 707 2232 qua
739 2193 835 2232 opus
854 2187 970 2226 esset,
1001 2179 1172 2218 subsidio
1203 2180 1294 2219 duci

131 2251 307 2294 possent,
326 2243 494 2294 reliquas
514 2256 583 2281 sex
602 2243 776 2294 legiones
796 2255 865 2294 pro
883 2241 1019 2282 castris
1038 2242 1077 2279 in
1096 2242 1180 2280 acie
1201 2254 1294 2281 con-

133 2305 274 2343 stituit.
328 2305 475 2344 Hostes
493 2305 587 2345 item
606 2318 694 2344 suas
714 2305 860 2357 copias,
889 2317 940 2342 ex
961 2304 1097 2343 castris
1115 2303 1292 2353 eductas,

134 2364 413 2405 instruxerant.

215 2427 326 2465 ΤοΜ.
345 2427 378 2464 Ι.
743 2425 775 2463 F
