1556 2683
241 281 285 315 18
534 279 609 316 DE
650 279 827 318 BELLO
868 281 1111 321 GALLICO

236 381 374 430 liugos,
395 381 638 433 Latobrigos,
659 383 696 420 in
716 384 811 421 fines
831 397 933 430 suos,
953 386 1055 423 unde
1076 394 1184 423 erant
1203 386 1382 436 profecti,

238 443 377 480 reverti
402 444 541 493 jussit;
567 451 619 490 et,
654 445 770 495 quod,
804 446 979 483 omnibus
1010 446 1199 484 fructibus
1228 448 1386 492 amissis,

235 503 338 540 domi
357 505 449 541 nihil
469 513 563 551 erat,
594 518 670 556 quo
689 505 830 543 famem
854 507 1076 552 tolerarent,
1110 508 1385 558 Allobrogibus

234 565 451 615 imperavit,
498 573 539 603 ut
572 567 615 604 iis
646 567 827 604 frumenti
869 568 1018 619 copiam
1048 568 1244 606 facerent:
1285 570 1388 620 ipsos

235 627 390 676 oppida,
417 628 613 679 vicosque,
635 641 729 678 quos
750 629 1014 676 incenderant,
1044 630 1246 667 restituere
1261 630 1387 679 jussit.

234 686 279 723 Id
301 701 346 724 ea
365 688 531 725 maxime
561 690 709 727 ratione
729 690 836 737 fecit,
866 691 967 742 quod
987 692 1110 729 noluit
1138 705 1223 729 eum
1244 692 1387 737 locum,

234 749 336 786 unde
350 749 521 787 Helvetii
533 751 800 797 discesserant,
815 764 968 796 vacare3
988 766 1050 798 ne,
1065 760 1222 803 propter
1237 753 1386 790 bonita-

236 817 314 847 tem
333 823 527 860 agrorum,
563 811 762 858 Germani,
793 812 857 863 qui
877 820 981 850 trans
1002 813 1180 851 Rhenum
1200 814 1387 860 incolunt,

235 886 256 909 e
276 872 353 909 suis
372 872 510 910 finibus
531 873 568 909 in
589 873 860 910 Helvetiorum
880 874 974 911 fines
995 874 1215 921 transirent,
1247 882 1287 912 et
1305 875 1389 912 fini-

235 933 318 970 timi
338 933 487 970 Galliae
507 933 727 984 provinciae
744 934 1097 985 Allobrogibusque
1117 944 1257 974 essent.
1310 936 1387 973 Bo-

234 994 305 1040 ios,
337 995 559 1045 petentibus
593 995 755 1041 Aeduis,
786 996 889 1045 quod
921 997 1079 1046 egregia
1107 997 1249 1035 virtute
1279 1005 1389 1035 erant

234 1056 395 1106 cogniti,
424 1063 467 1093 ut
485 1056 524 1092 in
543 1056 683 1093 finibus
702 1056 778 1094 suis
799 1057 1048 1103 collocarent,
1070 1059 1282 1096 concessit:
1304 1059 1388 1109 qui-

233 1118 305 1154 bus
328 1117 382 1153 illi
398 1130 510 1168 agros
525 1117 728 1164 dederunt,
745 1131 917 1169 quosque
937 1127 1071 1170 postea
1090 1119 1127 1156 in
1147 1132 1278 1170 parem
1293 1120 1391 1170 juris

233 1178 497 1229 libertatisque
526 1179 802 1225 conditionem,
831 1186 947 1229 atque
979 1180 1051 1230 ipsi
1079 1187 1202 1226 erant,
1230 1193 1388 1231 recepe-

235 1247 338 1277 runt.

287 1301 434 1338 XXIX.
488 1301 534 1338 In
567 1302 700 1339 castris
720 1302 991 1339 Helvetiorum
1023 1303 1176 1340 tabulae
1210 1310 1389 1353 repertae

234 1363 455 1400 suntliteris
475 1362 637 1400 Graecis
650 1362 866 1408 confectae,
882 1370 921 1400 et
939 1364 988 1400 ad
1008 1364 1209 1401 Caesarem
1232 1364 1388 1410 relatae,

236 1424 375 1475 quibus
395 1424 433 1461 in
453 1424 592 1461 tabulis
622 1423 847 1461 nominatim
873 1424 969 1461 ratio
1000 1424 1178 1463 confecta
1196 1432 1292 1470 erat,
1325 1425 1391 1476 qui

234 1495 417 1521 numerus
438 1484 553 1521 domo
571 1484 715 1520 exisset
729 1497 876 1530 eorum,
897 1485 961 1535 qui
980 1498 1086 1522 arma
1099 1485 1199 1523 ferre
1218 1492 1390 1536 possent,

234 1553 275 1583 et
289 1545 380 1583 item
397 1545 599 1596 separatim
614 1545 738 1596 pueri,
754 1558 878 1592 senes,
894 1546 1163 1597 mulieresque.
1217 1549 1388 1589 Quarum

234 1606 405 1644 omnium
420 1619 548 1644 rerum
562 1619 710 1643 summa
724 1614 819 1652 erat,
841 1607 1010 1657 capitum
1023 1606 1292 1645 Helvetiorum
1307 1608 1390 1644 mil-

234 1667 286 1705 lia
304 1675 480 1713 chxnr,
511 1666 765 1717 Tulingorum
784 1667 901 1704 millia
921 1679 1063 1712 xxxw,
1091 1667 1388 1718 Latobrigorum

234 1740 324 1774 X1v,
353 1728 619 1765 Rauracorum
639 1739 764 1773 xxm,
793 1728 975 1765 Boiorum
994 1739 1134 1764 xxxu:
1163 1740 1212 1764 ex
1232 1727 1303 1774 his,
1325 1729 1390 1779 qui

234 1801 340 1826 arma
358 1789 459 1826 ferre
474 1796 643 1839 possent,
673 1789 722 1827 ad
741 1789 860 1826 millia
879 1801 980 1826 xcn.
1035 1788 1192 1826 Summa
1219 1788 1389 1828 omnium

234 1850 391 1888 fuerunt
410 1851 458 1888 ad
475 1850 595 1888 millia
614 1862 842 1888 CCCLXVIII.
898 1850 1057 1897 Eorum,
1078 1850 1142 1900 qui
1158 1850 1311 1887 domum
1329 1863 1388 1888 re—

235 1912 404 1959 dierunt,
419 1924 537 1950 censu
548 1912 694 1958 habito,
711 1920 752 1949 ut
769 1913 911 1950 Caesar
925 1912 1198 1963 imperaverat,
1213 1920 1390 1962 repertus

236 1981 294 2011 cst
314 1986 494 2011 numerus
513 1973 673 2011 millium
694 1986 716 2011 c
736 1981 775 2011 et
793 1984 831 2011 x.

288 2035 415 2073 XXX.
483 2035 593 2072 Bello
627 2035 897 2072 Helvetiorum
925 2034 1117 2080 consecto,
1158 2035 1276 2072 totius
1307 2035 1389 2072 fere

238 2097 387 2135 Galliae
402 2097 535 2147 legati,
565 2096 758 2147 principes
774 2096 984 2142 civitatum,
1017 2096 1066 2133 ad
1082 2097 1285 2134 Caesarem
1305 2109 1390 2146 gra-

236 2159 399 2196 tulatum
419 2165 709 2196 convenerunt:
763 2157 987 2208 Intelligere
1007 2169 1105 2203 sese,
1137 2157 1287 2194 tametsi
1320 2170 1398 2207 pro·

236 2221 429 2258 veteribus
463 2219 732 2257 Helvetiorum
766 2218 911 2269 injuriis
944 2218 1076 2270 populi
1098 2218 1259 2256 Romani
1279 2219 1325 2255 ab
1346 2218 1390 2254 iis

236 2294 378 2332 poenas
397 2281 501 2318 bello
521 2282 739 2332 repetisset,
754 2289 882 2318 tamen
902 2293 985 2317 eam
1004 2293 1084 2317 rem
1100 2293 1175 2317 non
1196 2280 1319 2316 minus
1339 2292 1388 2316 ex

240 2355 309 2380 usu
330 2351 454 2382 terrae
487 2342 650 2390 Galliae,
679 2355 792 2395 quam
820 2342 951 2394 populi
982 2342 1158 2388 Romani,
1186 2341 1397 2387 accidisse:>

1552 2369 1556 2442 l

1551 2451 1556 2494 ἶ,

1551 2511 1556 2547 l

1552 2555 1556 2626 l

1552 2657 1556 2683 ι
