1556 2683
515 231 681 269 LIBER
734 230 803 269 VI.
1175 236 1249 272 133

114 332 278 371 alienum
308 345 391 371 esse
411 333 562 371 videtur
591 335 638 371 de
659 333 807 371 Galliae
834 332 1140 384 Germaniaeque
1171 347 1253 372 mo-

113 395 231 440 ribus,
250 401 303 440 et,
319 408 395 445 quo
411 394 587 432 differant
602 396 674 433 hae
687 395 862 432 nationes
882 394 981 432 inter
1000 407 1097 439 sese,
1116 408 1255 445 propo-

110 467 215 492 nere.
268 455 315 491 In
335 455 510 492 GALmA
531 469 608 492 non
627 455 751 493 solum
769 456 807 492 in
827 454 1003 492 omnibus
1019 454 1252 501 civitatibus,

110 522 227 565 atque
242 515 280 551 in
297 516 472 553 omnibus
491 517 612 566 pagis,
633 516 896 567 partibusque,
915 515 982 552 sed
998 528 1119 565 paene
1139 516 1255 553 etiam

110 576 150 613 in
169 576 328 626 singulis
348 577 539 621 domibus,
559 577 747 615 factiones
763 584 876 614 sunt:
896 589 1104 626 earumque
1119 576 1256 614 factio·-

110 649 202 673 num
221 637 414 687 principes
429 645 532 682 sunt,
548 637 611 687 qui
632 649 817 674 summam
837 637 1106 674 auctoritatem
1122 649 1255 674 eorum

105 695 255 744 judicio
275 696 417 732 habere
437 696 721 742 existimantur,
737 709 898 746 quorum
914 696 963 733 ad
976 696 1177 733 arbitrium
1193 699 1256 746 ju-

109 755 331 806 diciumque
351 768 499 794 summa
517 757 686 794 omnium
706 770 833 794 rerum
853 756 1177 807 consiliorumque
1196 771 1255 795 re-

110 816 212 854 deat.
253 817 370 868 idque
403 820 484 867 ejus
505 818 560 855 rei
579 830 714 855 caussa
731 818 942 868 antiquitus
966 818 1182 855 institutum
1201 819 1256 855 vi-

109 878 237 924 detur,
269 891 318 915 ne
351 878 434 929 quis
467 891 517 916 ex
550 878 660 929 plebe
681 886 816 916 contra
835 879 1092 929 potentiorem
1123 880 1257 917 auxilii

107 947 264 989 egeret:
297 952 387 977 suos
406 940 508 976 enim
529 939 691 990 quisque
711 939 890 990 opprimi,
916 947 956 977 et
975 940 1257 987 circumveniri,

109 1014 187 1038 non
207 1001 375 1051 patitur;
403 1014 544 1052 neque,
559 1001 670 1038 aliter
689 1001 720 1037 si
734 1000 892 1047 faciant,
915 1001 1030 1038 ullam
1048 1002 1149 1038 inter
1167 1014 1257 1039 suos

105 1060 251 1099 habent
269 1062 548 1100 auctoritatem.
604 1061 716 1099 Haec
736 1061 871 1098 eadem
892 1062 990 1099 ratio
1010 1070 1070 1101 est
1094 1063 1132 1100 in
1151 1075 1255 1099 surn-

106 1135 169 1159 ma
188 1122 305 1160 totius
326 1122 499 1160 Galliae:
540 1135 704 1173 namque
723 1135 856 1159 omnes
876 1122 1052 1160 civitates
1071 1123 1109 1159 in
1128 1129 1257 1173 partes

108 1183 251 1220 divisae
271 1190 360 1221 sunt
379 1183 485 1221 duas.

159 1244 251 1281 XII.
306 1246 436 1287 Quum
456 1245 599 1282 Caesar
623 1244 662 1281 in
683 1244 847 1282 Galliam
862 1244 982 1290 venit,
1001 1245 1157 1282 alterius
1176 1245 1256 1282 fac-

107 1305 224 1343 tionis
243 1305 437 1356 principes
456 1313 567 1343 erant
587 1305 730 1351 Aedui,
765 1305 922 1343 alterius
954 1304 1136 1355 Sequani.
1202 1306 1258 1342 Hi

105 1379 223 1417 quum
246 1380 315 1416 per
334 1379 375 1404 se
397 1366 522 1403 minus
541 1366 726 1412 valerent,
760 1366 863 1416 quod
882 1378 1030 1403 summa
1047 1367 1257 1404 auctoritas

104 1427 316 1478 antiquitus
349 1434 432 1465 erat
452 1427 491 1463 in
513 1427 675 1472 Aeduis,
707 1440 947 1478 magnaeque
980 1439 1112 1464 eorum
1146 1435 1257 1464 erant

106 1488 323 1535 clientelae,
348 1488 563 1526 Germanos
582 1494 700 1538 atque
720 1487 958 1525 Ariovistum
978 1486 1049 1523 sibi
1068 1486 1257 1535 adjunxe-

108 1557 209 1595 rant,
229 1562 372 1600 eosque
403 1549 453 1587 ad
471 1562 512 1586 se
548 1549 696 1598 magnis
710 1549 873 1598 jacturis
897 1547 1256 1599 pollicitationibus-

107 1622 183 1661 que
208 1610 485 1660 perduxerant.
539 1609 699 1646 Proeliis
729 1621 821 1646 vero
854 1608 1114 1658 compluribus
1146 1607 1258 1645 factis

106 1671 300 1717 secundis,
321 1678 436 1722 atque
451 1670 555 1708 omni
571 1670 772 1707 nobilitate
798 1669 1021 1707 Aeduorum
1038 1668 1257 1716 interfecta,

107 1738 256 1769 tantum
284 1731 458 1782 potentia
489 1737 793 1775 antecesserant,
826 1737 869 1766 ut
902 1741 1078 1778 magnam
1109 1736 1258 1778 partem

109 1793 308 1830 clientium
339 1793 387 1829 ab
419 1791 568 1829 Aeduis
601 1791 650 1829 ad
679 1803 719 1828 se
746 1790 1054 1835 transducerent,
1086 1790 1257 1827 obsides-

108 1864 184 1902 que
204 1852 250 1888 ab
271 1851 316 1888 iis
335 1851 552 1901 principum
584 1850 682 1887 filios
702 1850 938 1900 acciperent,
958 1857 997 1888 et
1026 1850 1180 1900 publice
1195 1852 1256 1899 ju-

107 1925 192 1950 rare
213 1919 413 1962 cogerent,
433 1912 528 1948 nihil
547 1925 588 1949 se
609 1919 743 1949 contra
761 1912 959 1962 Sequanos
975 1912 1124 1949 consilii
1139 1912 1254 1949 initu-

107 1986 193 2017 ros;
212 1981 252 2011 et
270 1981 419 2025 partem
434 1973 586 2010 finitimi
605 1973 687 2023 agri
707 1985 776 2023 per
793 1973 869 2009 vim
889 1980 1116 2023 occupatam
1136 1973 1257 2023 possi-

107 2034 259 2080 derent,
310 2033 539 2084 Galliaeque
577 2034 694 2071 totius
730 2034 986 2084 principatum
1024 2034 1256 2071 obtinerent.

113 2107 189 2145 qua
207 2095 437 2133 necessitate
457 2095 659 2140 adductus,
689 2095 921 2140 Divitiacus‚
946 2095 1079 2132 auxilii
1098 2095 1256 2145 petendi

109 2167 247 2192 caussa
268 2155 430 2192 Romam
450 2154 499 2192 ad
518 2163 693 2192 senatum
723 2155 933 2206 profectus,
961 2155 1105 2192 infecta
1124 2168 1164 2192 re
1197 2168 1256 2193 re-

110 2215 244 2253 dierat.
282 2216 466 2253 Adventu
483 2216 656 2254 Caesaris
670 2217 774 2255 facta
793 2217 1095 2254 commutatione
1114 2229 1255 2262 rerum,

108 2275 302 2314 obsidibus
324 2277 471 2315 Aeduis
490 2277 664 2325 redditis,
682 2278 877 2317 veteribus
893 2277 1082 2316 clientelis
1097 2277 1253 2315 restitu-
