1556 2683
279 286 355 322 210
562 284 635 321 DE
676 283 854 321 BELLO
895 283 1139 322 GALLICO

278 400 359 424 mas
379 387 536 425 dimittit
551 388 588 425 in
608 401 741 425 omnes
768 395 908 438 partes,
929 388 977 424 ad
996 387 1141 437 aliquos
1160 386 1424 437 excipiendOS,

278 461 327 484 ex
348 449 484 498 quibus
499 449 664 486 hostium
685 448 843 485 consilia
861 454 1127 497 cognosceret.
1157 447 1331 497 Equites,
1347 448 1426 484 offi-

279 509 340 546 cio
359 510 494 556 functi,
523 510 751 547 renunciant
770 522 913 558 paucos
933 508 971 544 in
991 508 1173 545 aedificiis
1194 521 1275 545 esse
1295 509 1427 545 inven-

277 578 353 613 tos;
383 578 498 621 atque
518 571 601 614 1103,
634 583 710 606 non
732 570 795 620 qui
819 582 997 618 agrorum
1020 570 1268 607 colendorum
1291 581 1426 606 caussa

277 632 560 677 remansissent,
587 630 772 680 (namque
793 643 874 668 esse
892 629 1060 680 undique
1077 630 1281 679 diligenter
1302 629 1420 666 demi-

278 692 450 742 gratum)
483 692 550 729 sed
576 692 639 742 qui
660 691 883 741 speculandi
903 691 1026 740 gratia
1047 700 1172 728 essent
1193 691 1351 728 remissi.
1389 691 1426 726 A

278 754 415 804 quibus
432 767 547 803 quum
568 760 769 803 quaereret
784 753 938 798 Caesar,
954 766 1029 802 quo
1043 752 1129 789 loco
1145 752 1351 789 multitudo
1366 764 1424 788 es-

278 821 336 851 set
352 814 657 858 Bellovacorum,
678 813 828 863 quodve
848 821 949 850 esset
969 813 1170 850 consilium
1190 826 1337 859 eorum,
1370 812 1426 849 in-

276 875 469 920 veniebat,
498 875 723 912 Bellovacos
744 887 889 919 omnes,
920 874 982 924 qui
1003 887 1107 911 arma
1124 874 1224 911 ferre
1252 882 1422 925 possent,

277 936 317 972 in
337 949 454 972 unum
474 936 601 973 locum
623 935 867 977 convenisse;
899 935 1068 985 itemque
1088 935 1314 981 Ambianos,
1345 936 1428 972 Au-

276 997 414 1042 lercos,
445 997 614 1041 Caletos,
642 996 910 1037 Velliocasses,
948 997 1170 1041 Atrebatas‚
1199 997 1327 1034 locum
1347 1009 1429 1034 cas-

278 1058 344 1095 tris
364 1058 562 1095 excelsum
582 1058 619 1094 in
634 1057 741 1102 silva,
774 1057 957 1107 impedita
976 1056 1253 1094 circumdatum
1274 1057 1429 1107 palude,

277 1118 482 1168 delegisse3
502 1119 630 1156 omnia
645 1118 919 1168 impedimenta
938 1118 976 1155 in
991 1118 1189 1155 ulteriores
1206 1118 1316 1155 silvas
1337 1131 1428 1156 con-

277 1180 426 1223 tulisse3
460 1180 677 1230 complures
706 1192 789 1216 esse
808 1178 999 1229 principes
1019 1178 1108 1216 belli
1142 1186 1331 1225 auctores,
1360 1181 1429 1217 sed

276 1240 560 1277 multitudinem
589 1241 756 1278 maxime
776 1240 921 1277 Correo
950 1240 1231 1290 obtemperare,
1266 1241 1370 1291 quod
1392 1241 1427 1279 ei

275 1314 424 1338 summo
453 1314 535 1338 esse
571 1301 660 1339 odio
690 1313 830 1338 nomen
863 1301 994 1350 populi
1024 1301 1187 1338 Romani
1217 1302 1428 1340 intellexis-

275 1367 382 1397 sent:
412 1360 544 1410 paucis
578 1368 666 1398 ante
697 1360 832 1397 diebus
862 1373 911 1397 ex
939 1360 997 1397 his
1032 1361 1164 1398 castris
1194 1363 1423 1400 Atrebatem

277 1422 494 1459 Commium
515 1422 733 1459 discessisse
762 1421 810 1459 ad
830 1421 973 1458 auxilia
992 1421 1273 1460 Germanorum
1305 1424 1426 1461 addu-

276 1482 414 1528 cenda,
443 1496 604 1532 quorum
625 1490 664 1519 et
697 1482 871 1519 vicinitas
899 1481 1125 1532 propinqua,
1159 1489 1198 1520 et
1217 1483 1426 1522 multitudo

276 1550 379 1581 esset
398 1543 569 1581 infinita:
589 1543 834 1581 constituisse
854 1550 979 1580 autem
996 1542 1236 1589 Bellovacos,
1257 1545 1426 1582 omnium

276 1606 494 1656 principum
516 1618 720 1650 consensu,
740 1617 887 1641 summa
906 1603 1027 1654 plebis
1047 1604 1272 1654 cupiditate,
1306 1606 1336 1642 si
1362 1606 1426 1656 (ut

276 1666 496 1717 dicebatur)
530 1666 778 1703 Caesareum
805 1677 857 1701 111
886 1664 1101 1714 legionibus
1130 1666 1292 1712 veniret,
1314 1666 1424 1704 offer-

276 1741 317 1765 re
344 1741 384 1765 se
405 1728 453 1765 ad
473 1727 749 1773 dimicandum,
768 1740 817 1764 ne
838 1725 1033 1763 miseriore
1053 1739 1098 1764 ac
1118 1726 1271 1764 duriore
1292 1734 1426 1777 postea

276 1789 499 1826 conditione
519 1801 606 1826 curn
637 1795 719 1825 toto
752 1787 929 1824 exercitu
949 1787 1150 1825 decertare
1171 1797 1424 1838 cogerentur:

275 1849 306 1886 si
325 1851 490 1900 majores
516 1849 646 1900 copias
666 1849 892 1894 adduceret,
924 1848 962 1884 in
993 1861 1039 1885 eo
1070 1849 1156 1886 loco
1188 1862 1428 1899 permanere,

275 1923 388 1960 quem
408 1909 656 1960 delegissent,
686 1909 932 1960 pabulatione
965 1916 1107 1955 autem,
1140 1923 1238 1959 quae
1270 1918 1428 1961 propter

275 1970 364 2008 anni
385 1977 537 2021 tempus
556 1984 673 2021 quum
693 1970 836 2020 exigua
855 1977 936 2007 tum
956 1970 1118 2020 disjecta
1138 1980 1252 2017 esset,
1281 1979 1319 2009 et
1346 1971 1425 2009 fru-

273 2032 525 2078 mentatione,
541 2038 580 2069 et
595 2030 742 2081 reliquo
759 2038 990 2077 commeatu,
1011 2044 1060 2068 ex
1081 2032 1225 2069 insidiis
1245 2033 1425 2083 prohibe-

275 2105 316 2129 re
339 2092 545 2130 Romanos.

327 2153 438 2190 VIII.
466 2155 575 2196 Quae
592 2154 746 2199 Caesar,
761 2153 1091 2191 consentientibus
1103 2154 1290 2204 pluribus,
1305 2168 1423 2205 quum

275 2214 533 2264 cognovisset,
563 2223 679 2265 atque
699 2227 758 2260 ea,
791 2227 889 2265 quae
909 2224 1230 2265 proponerentur,
1264 2216 1423 2254 consilia

274 2275 389 2326 plena
406 2275 648 2326 prudentiae,
677 2275 870 2326 longeque
889 2288 911 2313 a
930 2276 1146 2314 temeritate
1174 2277 1422 2315 barbarorum

274 2344 436 2386 remota,
455 2349 538 2376 esse
562 2337 773 2389 judicaret;
801 2337 976 2376 omnibus
1006 2338 1119 2377 rebus
1137 2338 1421 2377 inserviendum
