1556 2683
254 237 324 273 116
567 234 642 272 DE
680 234 859 272 BELLO
897 234 1142 272 GALLICO

248 350 382 375 manos
420 337 598 374 Rhenum
632 340 833 381 transisse;
878 339 1069 376 Caesaris-
1085 338 1395 388 reliquorumque

247 398 409 436 hiberna
439 391 666 449 oppugnari.
704 400 869 436 Addunt
894 400 1008 437 etiam
1027 400 1075 436 de
1103 399 1234 436 Sabini
1261 407 1397 436 morte.

249 459 516 510 Ambiorigem
536 468 730 498 ostentant
749 461 839 498 fidei
858 461 1057 498 faciendae
1078 473 1225 498 caussa.
1280 459 1396 496 Erra-

245 533 287 558 re
301 533 366 558 eos
382 520 530 566 dicunt,
550 521 579 557 si
596 521 803 572 quidquam
820 523 867 559 ab
881 522 940 559 his
953 522 1132 572 praesidii
1146 529 1317 571 sperent,
1333 521 1399 571 qui

249 574 328 619 suis
356 582 471 618 rebus
491 581 663 619 diffidant
682 596 690 619 :
727 596 810 620 sese
831 591 958 620 tamen
979 583 1052 620 hoc
1073 595 1156 619 esse
1176 583 1214 619 in
1245 583 1403 620 Cicero-

248 656 336 680 nem
357 643 621 693 populumque
644 644 860 681 Romanum
881 644 1022 689 animo,
1051 650 1093 680 ut
1113 643 1222 689 nihil,
1255 644 1326 680 nisi
1346 643 1403 680 hi-

246 705 367 742 berna
381 711 574 749 recusent,
595 712 710 755 atque
730 705 830 742 hanc
850 705 1131 742 inveterascere
1151 704 1402 742 consuetudi-

252 779 340 803 nem
362 766 509 803 nolint:
533 766 650 804 licere
670 766 742 803 illis
759 766 1014 803 incolumibus
1027 779 1094 816 per
1109 779 1149 802 se
1167 779 1216 803 ex
1235 765 1406 802 hibernis

250 826 466 873 discedere,
487 834 539 872 et,
563 840 813 877 quascunque
834 828 872 864 in
893 834 1021 877 partes
1040 827 1173 873 velint,
1200 827 1280 864 sine
1301 836 1406 865 metu

252 887 458 937 proficisci.
514 888 654 926 Cicero
686 889 735 925 ad
764 889 862 926 haec
884 902 1003 925 unum
1033 889 1149 925 modo
1180 889 1406 939 respondit:

250 947 342 985 Non
362 960 446 986 esse
466 948 789 986 consuetudinem
809 949 941 999 populi
963 949 1142 995 Romani,
1163 950 1278 987 ullam
1301 951 1404 988 acci-

250 1021 344 1059 pere
364 1010 412 1046 ab
432 1010 543 1048 hoste
564 1017 711 1047 armato
732 1010 1007 1047 conditionem.
1064 1011 1103 1047 Si
1123 1011 1170 1047 ab
1190 1012 1304 1049 armis
1324 1011 1401 1048 dis-

251 1070 390 1108 cedere
406 1071 539 1116 velint,
558 1084 599 1108 se
615 1072 792 1121 adjutore
809 1078 979 1117 utantur,
999 1072 1224 1123 legatosque
1240 1073 1289 1109 ad
1305 1073 1405 1113 Cae-

250 1143 373 1168 sarem
394 1131 571 1170 mittant:
604 1144 771 1182 sperare,
792 1145 861 1182 pro
882 1133 964 1182 ejus
978 1132 1140 1182 justitia,
1162 1145 1260 1182 quae
1281 1132 1404 1183 petic-

252 1191 344 1237 rint,
365 1192 648 1243 impetraturos.

302 1253 429 1290 XLII.
478 1254 540 1291 Ab
562 1254 634 1291 hac
654 1267 720 1305 spe
740 1254 897 1304 repulsi,
920 1254 1053 1292 Nervii
1068 1255 1167 1293 vallo
1182 1255 1325 1305 pedum
1343 1267 1405 1301 xl,

251 1320 291 1351 et
309 1314 411 1352 fossa
430 1315 572 1365 pedum
593 1327 663 1361 xv,
684 1316 847 1352 hiberna
865 1316 1039 1365 cingunt.
1100 1316 1212 1353 Haec
1233 1324 1272 1353 ct
1293 1329 1406 1366 supe-

250 1376 395 1413 riorum
414 1389 601 1413 annorum
622 1377 902 1414 consuetudine
922 1389 944 1413 a
969 1377 1109 1414 nostris
1129 1386 1406 1428 cognoverant,

252 1443 306 1482 et,
327 1436 510 1486 quosdam
531 1437 579 1474 de
599 1437 776 1474 exercitu
795 1437 898 1474 nacti
929 1437 1115 1487 captivos,
1135 1438 1181 1474 ab
1214 1438 1274 1474 his
1289 1438 1407 1476 doce-

252 1498 394 1535 bantur
411 1512 419 1534 :
440 1498 521 1544 sed,
542 1498 646 1535 nulla
660 1498 979 1535 ferramentorum
995 1499 1120 1549 eopia,
1135 1511 1233 1548 quae
1250 1506 1338 1536 sunt
1355 1499 1406 1537 ad

252 1558 358 1596 hunc
386 1573 496 1597 usum
528 1560 682 1606 idonea,
719 1560 857 1610 gladiis
889 1560 1075 1611 cespitem
1111 1561 1405 1607 circumcidere,

254 1621 430 1659 manibus
468 1622 687 1672 sagulisque
725 1628 865 1659 terram
897 1622 1117 1668 exhaurire,
1155 1623 1408 1673 cogebantur.

254 1695 330 1732 qua
350 1682 503 1733 quidem
524 1695 574 1720 ex
594 1696 635 1719 re
665 1682 863 1720 hominum
882 1682 1088 1720 multitudo
1125 1684 1307 1733 cognosci
1341 1698 1409 1734 po-

253 1743 327 1779 tuit
348 1756 356 1778 :
392 1757 479 1780 nam
499 1744 626 1780 minus
644 1743 749 1781 horis
781 1744 903 1781 tribus
935 1744 1094 1781 millium
1128 1759 1153 1781 x
1186 1745 1223 1781 in
1245 1744 1410 1783 circuitu

250 1805 503 1842 munitionem
519 1804 792 1855 perFecerunt:
811 1805 1044 1856 reliquisque
1058 1805 1194 1843 diebus
1214 1813 1340 1843 turres
1357 1808 1407 1845 ad

253 1865 495 1903 altitudinem
513 1865 615 1911 valli,
627 1865 746 1903 falces
762 1866 1067 1917 testudinesque,
1082 1880 1175 1917 quas
1192 1867 1306 1905 iidem
1321 1881 1410 1919 cap-

254 1926 321 1962 tivi
343 1926 572 1971 docuerant,
591 1940 727 1977 parare
747 1941 793 1965 ac
811 1927 938 1965 facere
960 1935 1185 1977 coeperunt.

306 1987 457 2024 XLIII.
515 1988 689 2038 Septimo
710 1988 1009 2039 oppugnationis
1025 1988 1099 2033 die,
1113 1989 1281 2027 maximo
1298 2002 1408 2028 coor-

254 2057 295 2086 to
314 2056 446 2093 vento,
465 2048 659 2086 ferventes
684 2048 786 2086 fusili
807 2062 856 2087 ex
876 2049 1010 2099 argilla
1029 2049 1188 2098 glandes
1208 2050 1350 2097 fundis,
1367 2059 1406 2089 et

251 2109 465 2147 fervefacta
479 2108 624 2158 jacula,
656 2109 694 2146 in
716 2122 836 2155 casas,
870 2123 968 2160 quae
1001 2123 1107 2147 more
1134 2110 1289 2149 Gallico
1312 2119 1408 2149 stra-

252 2171 393 2207 mentis
414 2177 522 2207 erant
542 2177 683 2216 tectae,
716 2172 848 2220 jacere
870 2179 1097 2221 coeperunt.
1151 2172 1239 2209 Hae
1273 2173 1408 2210 celeri-

250 2239 310 2269 ter
332 2233 458 2281 ignem
481 2232 873 2282 comprehenderunt,
894 2238 934 2268 et
954 2232 1056 2269 venti
1085 2233 1350 2282 magnitudine
1370 2234 1408 2271 in

251 2306 404 2332 omnem
426 2300 639 2331 castrorum
661 2293 788 2331 locum
805 2293 1051 2331 distulerunt.
1106 2293 1266 2340 Hostes,
1285 2296 1408 2333 maxi-
