1556 2683
596 292 762 331 LIBER
813 293 867 331 11.
1256 297 1304 334 43

163 393 314 442 finibus,
342 394 596 443 decertarent,
624 403 664 434 et
682 396 902 434 domesticis
921 396 1039 447 copiis
1059 395 1113 434 rei
1132 396 1301 434 frumen·

164 455 282 494 tariae
302 462 510 494 uterentur.
566 457 630 494 Ad
649 470 732 495 eam
751 458 994 503 sententiam,
1024 470 1110 495 cum
1145 457 1301 508 reliquis

164 517 319 563 caussis,
345 517 443 555 haec
461 529 616 568 quoque
644 518 740 555 ratio
760 531 825 556 eos
845 519 1019 565 deduxit,
1048 518 1165 568 quod,
1193 518 1302 555 Divi·

162 575 303 615 tiacum
321 584 436 628 atque
457 578 615 616 Aeduos
633 578 773 616 finibus
793 579 1082 617 Bellovacorum
1096 578 1302 629 appropin-

162 648 292 686 quare,
313 646 584 687 cognoverant.
638 638 712 676 His
731 639 965 690 persuaderi,
995 646 1036 677 ut
1055 639 1199 676 diutius
1217 651 1298 676 mo-

159 704 347 743 rarentur,
373 710 499 748 neque
517 699 594 736 suis
612 699 796 736 auxilium
817 699 975 745 ferrent,
1003 712 1079 737 non
1100 705 1264 750 poterat.

209 758 279 795 XI.
334 757 392 796 Ea
410 771 451 796 re
471 759 692 805 constituta,
719 761 893 798 secunda
906 760 1036 810 vigilia
1053 772 1194 810 magno
1212 772 1302 797 cum

157 818 317 870 strepitu
336 831 382 857 ac
401 820 568 857 tumultu
588 821 722 858 castris
735 821 892 871 egressi,
913 821 1018 859 nullo
1031 828 1138 858 certo
1152 820 1302 865 ordine,

155 891 283 929 neque
302 879 476 930 imperio,
496 893 612 930 quum
632 880 703 918 sibi
723 881 884 932 quisque
903 882 1067 932 primum
1087 881 1232 919 itineris
1244 881 1302 918 lo-

156 953 244 978 cum
263 947 427 991 peteret,
455 947 494 977 et
527 941 681 979 domum
701 942 900 992 pervenire
932 949 1168 992 properaret,
1197 941 1301 979 fece-

155 1009 257 1047 runt,
285 1008 329 1038 ut
360 1001 568 1039 consimilis
586 1002 701 1052 fugae
719 1002 908 1053 profectio
941 1003 1145 1040 videretur.
1212 1002 1302 1040 Hac

155 1074 197 1098 re
215 1061 357 1107 statim,
387 1062 541 1107 Caesar,
570 1075 639 1113 per
667 1063 927 1113 speculatores
946 1063 1116 1113 cognita,
1146 1063 1301 1100 insidias

153 1121 310 1167 veritus,
338 1122 455 1172 quod,
489 1135 565 1173 qua
597 1123 645 1160 de
675 1135 810 1161 caussa
840 1123 1100 1168 discederent,
1128 1123 1300 1160 nondum

153 1189 416 1232 perspexerat,
436 1183 648 1221 exercitum
670 1184 962 1235 equitatumque
976 1183 1109 1221 castris
1123 1183 1301 1221 continu-

150 1243 194 1280 it.
246 1241 375 1280 Prima
392 1243 494 1291 luce,
514 1243 739 1282 confirmata
758 1257 800 1282 re
813 1245 860 1282 ab
876 1244 1199 1295 exploratoribus,
1219 1257 1300 1281 om-

150 1316 240 1342 nem
270 1304 499 1355 equitatum,
527 1305 592 1356 qui
624 1305 871 1344 novissimum
902 1318 1043 1355 agmen
1072 1312 1300 1351 moraretur,

149 1364 355 1414 praemisit.
401 1365 474 1403 His
490 1366 538 1408 Q.
554 1365 732 1412 Pedium,
751 1374 790 1403 et
809 1366 856 1402 L.
877 1365 1185 1403 Aurunculeium
1206 1365 1300 1403 Cot-

150 1432 242 1471 tam,
262 1425 409 1476 legatos
427 1426 626 1477 praefecit.
664 1427 709 1464 T.
725 1426 941 1464 Labienum
955 1426 1127 1477 legatum
1143 1439 1231 1463 cum
1246 1426 1301 1463 le-

148 1485 327 1535 gionibus
345 1486 468 1524 tribus
487 1486 669 1537 subsequi
684 1487 809 1537 jussit.
864 1487 933 1533 Hi,
948 1487 1172 1524 novissimos
1187 1487 1301 1524 ador-

151 1545 194 1592 ti,
214 1553 252 1583 et
272 1546 392 1584 multa
410 1546 528 1584 millia
545 1559 724 1597 passuum
742 1547 952 1598 prosecuti,
971 1559 1149 1598 magnam
1168 1546 1298 1584 multi-

149 1607 324 1644 tudinem
354 1619 488 1644 eorum
519 1606 750 1657 fugientium
783 1608 1062 1645 conciderunt:
1110 1621 1227 1658 quum
1251 1609 1299 1645 ab

149 1674 324 1705 extremo
344 1667 509 1717 agmine,
539 1668 588 1704 ad
607 1681 702 1719 quos
722 1676 878 1705 ventum
899 1675 994 1713 erat,
1029 1669 1299 1714 consisterent,

146 1727 375 1778 fortiterque
406 1728 592 1778 impetum
611 1736 827 1766 nostrorum
856 1729 1020 1765 militum
1040 1729 1300 1772 sustinerent3

148 1789 310 1839 priores,
331 1789 435 1839 quod
452 1789 587 1826 abesse
601 1802 623 1826 a
637 1790 809 1840 periculo
824 1790 1060 1836 viderentur,
1080 1803 1207 1841 neque
1222 1791 1301 1828 ulla

146 1849 378 1887 necessitate
394 1861 520 1899 neque
533 1849 692 1899 imperio
705 1850 1010 1896 continerentur,
1021 1850 1205 1887 exaudito
1222 1850 1298 1888 cla-

147 1922 268 1954 more,
287 1909 520 1960 perturbatis
540 1909 749 1955 ordinibus,
777 1923 908 1947 omnes
929 1910 966 1946 in
987 1910 1079 1960 fuga
1099 1911 1169 1947 sibi
1189 1924 1299 1961 prae-

146 1968 284 2006 sidium
304 1976 506 2018 ponerent.
543 1968 605 2006 Ita
618 1969 700 2006 sine
716 1970 793 2007 ullo
809 1971 981 2020 periculo
998 1977 1143 2007 tantam
1164 1984 1298 2008 eorum

144 2029 430 2067 multitudinem
450 2030 570 2067 nostri
599 2030 893 2077 interfecerunt,
922 2039 1110 2082 quantum
1130 2031 1202 2069 fuit
1221 2032 1300 2070 diei

145 2090 309 2140 spatium
328 2105 338 2128 ε
365 2091 435 2128 sub
456 2102 714 2140 occasumque
733 2092 823 2129 solis
844 2092 1089 2138 destiterunt,
1121 2105 1239 2144 seque
1259 2094 1299 2131 in

143 2158 280 2196 castra,
301 2158 344 2189 ut
362 2159 445 2189 erat
463 2151 709 2202 imperatum,
739 2162 986 2203 receperunt.

195 2210 287 2248 XII.
323 2211 514 2250 Postridie
534 2213 617 2261 ejus
636 2211 713 2249 diei
730 2213 886 2259 Caesar,
906 2213 1010 2264 prius
1023 2225 1137 2263 quam
1153 2225 1194 2250 se
1210 2214 1298 2252 hos·

143 2277 201 2308 tes
219 2283 269 2308 ex
288 2279 434 2309 terrore
465 2285 511 2310 ac
543 2272 636 2322 fuga
666 2273 898 2323 reciperent,
929 2274 966 2310 in
997 2274 1093 2311 fines
1126 2273 1300 2312 Suessio-

143 2344 246 2377 num,
267 2332 332 2382 qui
350 2333 516 2383 proximi
536 2332 671 2371 Remis
688 2342 811 2381 erant,
845 2334 1061 2373 exercitum
1082 2335 1218 2382 duxit;
1245 2343 1299 2383 et,

220 2391 328 2430 ΤοΜ.
356 2393 388 2430 Ι.
682 2393 713 2430 F
740 2396 764 2431 2
