1556 2683
515 232 680 284 LissER
733 243 823 284 v11.
1189 232 1263 287 177'

109 348 372 399 quaestionem
403 348 452 386 de
481 350 590 387 bonis
620 350 780 400 direptis
813 347 1050 387 decernunt:
1092 347 1256 386 Litavici

107 410 345 460 fratrumque
365 410 466 446 bona
484 410 706 460 publicant:
735 412 882 460 legatos
903 411 951 447 ad
973 412 1176 447 Caesarum
1197 410 1255 447 sui

109 470 298 520 purgandi
331 471 454 520 gratia
483 471 652 508 mittunt.
709 471 819 508 Haec
849 471 995 508 faciunt
1024 482 1256 520 recuperan-

110 531 245 568 dorum
267 545 420 569 suorum
442 545 600 569 caussa:
633 533 715 578 sed,
744 532 992 570 contaminati
1014 531 1197 576 facinore,
1217 539 1258 568 et

111 592 213 641 capti
244 592 476 642 compendio
506 606 554 630 ex
586 593 746 643 direptis
773 592 898 638 bonis,
930 592 1033 642 quod
1066 604 1112 628 ea
1131 604 1191 628 res
1209 591 1259 628 ad

110 651 250 688 multos
269 651 502 701 pertinebat,
522 660 559 689 et
581 653 716 690 timore
736 666 859 703 paene
879 653 1068 698 exterriti,
1101 652 1261 689 consilia

111 712 208 748 clam
238 713 286 749 de
319 712 421 749 bello
452 712 547 749 inire
576 713 780 764 incipiunt,
812 715 1060 764 civitatesque
1094 714 1259 764 reliquas

109 771 367 822 legationibus
399 773 619 810 sollicitant.
674 776 783 816 Quae
804 775 954 812 tametsi
984 775 1126 812 Caesar
1146 773 1259 811 intel-

110 832 269 882 ligebat,
291 840 434 880 tamen,
455 847 569 884 quam
586 834 783 872 mitissime
799 843 940 885 potest,
960 835 1108 885 legatos
1127 834 1261 885 appel-

109 892 186 932 lat:
225 894 318 931 nihil
339 907 378 931 se
408 902 565 945 propter
593 895 833 933 inscientiam
855 897 1125 947 levitatemque
1153 895 1260 945 vulgi

108 956 261 1005 gravius
280 955 328 992 de
348 956 505 993 civitate
530 957 720 1006 judicare,
751 970 875 1008 neque
895 957 942 995 de
962 970 1030 994 sua
1045 959 1082 993 in
1099 957 1260 994 Aeduos

109 1016 378 1054 benevolentia
396 1017 634 1054 deminuere.
689 1017 790 1067 Ipse,
807 1019 991 1067 majorem
1009 1017 1159 1055 Galliae
1179 1032 1260 1056 mo-

109 1085 191 1114 tum
212 1085 458 1128 exspectans,
479 1092 527 1116 ne
547 1080 594 1116 ab
611 1079 787 1116 omnibus
808 1079 1027 1116 civitatibus
1046 1080 1261 1118 circumsis-

108 1145 270 1185 teretur,
304 1139 464 1176 consilia
484 1139 618 1185 inibat,
652 1141 975 1190 quemadmodum
996 1142 1043 1178 ab
1064 1141 1263 1192 Gergovia

110 1198 341 1244 discederet,
361 1212 407 1237 ac
427 1212 558 1236 rursus
578 1213 730 1237 omnem
751 1201 968 1237 exercitum
989 1202 1238 1240 contraheret
1250 1217 1265 1246 ;·

109 1272 157 1297 ne
176 1260 382 1311 profectio,
403 1268 492 1298 nata
505 1261 552 1297 ab
573 1260 710 1298 timore
730 1260 973 1308 defectionis,
994 1261 1125 1299 similis
1143 1262 1260 1313 fugae

108 1319 318 1358 videretur.

160 1382 305 1419 XLIV.
360 1382 473 1420 Haec
506 1382 691 1433 cogitanti
711 1383 888 1421 accidere
913 1384 994 1421 visa
1021 1392 1079 1423 est
1097 1385 1259 1423 facultas

109 1444 208 1481 bene
229 1444 422 1493 gerendae
438 1444 505 1481 rei.
544 1444 658 1490 Nam,
679 1458 796 1495 quum
812 1445 958 1482 minora
974 1446 1011 1482 in
1027 1454 1152 1483 castra
1167 1460 1259 1497 ope-

108 1504 158 1542 ris
179 1505 438 1555 perspiciendi
457 1518 594 1543 caussa
612 1506 792 1551 venisset,
813 1506 1085 1544 animadvertit
1105 1507 1265 1553 collem,·-

110 1566 174 1616 qui
195 1567 242 1604 ab
263 1566 438 1603 hostibus
464 1566 683 1612 tenebatur,
717 1567 900 1604 nudatum
929 1567 1160 1613 hominibus,
1194 1569 1261 1620 qui

108 1627 369 1677 superioribus
399 1627 534 1664 diebus
553 1628 618 1664 vix
637 1641 729 1678 prae
749 1629 995 1666 multitudine
1016 1630 1121 1667 cerni
1149 1638 1259 1681 pote-

109 1695 179 1725 rat.
236 1688 475 1734 Admiratus,
509 1689 658 1740 quaerit
678 1702 728 1726 ex
755 1688 928 1739 perfugis
948 1703 1136 1736 caussam,
1162 1705 1257 1742 quo·

108 1762 192 1786 rum
222 1762 385 1799 magnus
413 1750 461 1787 ad
489 1763 577 1787 eum
608 1750 780 1800 quotidie
813 1764 995 1788 numerus
1023 1752 1258 1790 confluebat.

110 1811 324 1848 Constabat
340 1812 439 1848 inter
459 1825 606 1857 omnes,
626 1811 731 1862 quod
745 1813 824 1861 jam
845 1812 925 1862 ipse
946 1812 1088 1850 Caesar
1108 1827 1175 1863 per
1189 1827 1258 1851 ex-

107 1872 322 1922 ploratores
343 1876 592 1922 cognoverat,
622 1873 777 1911 dorsum
807 1886 890 1910 esse
910 1875 993 1923 ejus
1020 1874 1105 1924 jugi
1135 1887 1265 1925 prope

108 1946 290 1983 aequum,
323 1933 391 1970 sed
417 1933 592 1970 silvestre
612 1941 652 1971 et
670 1941 890 1983 angustum,
916 1948 991 1985 qua
1010 1943 1112 1972 esset
1131 1935 1264 1973 aditus'

108 1994 157 2030 ad
171 1993 332 2031 alt-eram
352 1994 483 2045 oppidi
498 2002 644 2045 partem
660 2008 670 2031 z
695 1994 786 2032 huic
805 1995 892 2032 loco
907 1996 1156 2033 vehementer
1175 1996 1259 2033 illos

109 2054 259 2099 timere,
289 2067 362 2092 nec
376 2058 454 2104 Jam
475 2055 586 2092 aliter
604 2056 761 2101 sentire,
791 2069 867 2094 uno
887 2056 986 2094 colle
1006 2057 1053 2093 ab
1076 2056 1262 2095 Romanis

110 2124 314 2166 occupato,
348 2117 378 2153 si
397 2116 561 2154 alterum
587 2117 815 2163 amisissent,
843 2117 934 2168 quin
954 2130 1076 2168 paene
1095 2118 1259 2155 circum-

109 2176 252 2222 vallati,
272 2184 388 2228 atque
409 2177 512 2214 omni
526 2178 635 2216 exitu
650 2186 689 2216 et
708 2179 955 2228 pabulatione
975 2179 1186 2225 interclusi,
1205 2179 1262 2217 vi-¹

110 2237 319 2274 dei-entur:
346 2238 396 2276 ad
423 2238 526 2276 hunc
553 2239 804 2277 muniendum
824 2239 951 2278 locum
969 2253 1100 2278 omnes
1120 2253 1142 2278 a
1161 2240 1256 2278 Ver⁹

112 2299 352 2349 cingetorige
371 2307 565 2340 evocatos·

189 2359 248 2396 To
255 2372 298 2397 M.
328 2359 359 2397 Ι.
711 2362 740 2397 Ζ
