1556 2683
299 239 372 276 ‘194
579 236 652 273 DE
692 236 870 274 BELLO
910 235 1153 274 GALLICO

296 339 391 376 tium
409 340 649 390 complexus,
678 354 749 378 nec
767 340 880 378 facile
900 347 1021 377 totum
1051 352 1190 390 corpus
1210 352 1352 378 corona
1369 339 1440 377 rni-

295 399 405 437 litum
427 400 668 451 cingeretur)
702 414 750 438 ne
770 401 818 438 de
839 401 1041 451 improviso
1061 409 1126 438 aut
1147 409 1264 438 noctu
1285 402 1330 439 ad
1360 415 1443 439 mu-

298 461 463 498 nitiones
483 462 649 498 hostium
666 462 870 499 multitudo
886 462 1093 506 advolaret,
1114 468 1178 499 aut
1198 462 1362 500 interdiu
1384 471 1441 500 te-

296 522 331 558 la
351 521 387 558 in
408 530 558 559 nostros
578 523 684 573 operi
702 523 914 560 destinatos
929 523 1123 572 conjicere
1143 530 1310 573 possa-nt.
1354 523 1443 562 Hoc

294 582 510 620 intermisso
530 584 667 634 spatio,
689 583 782 620 duas
803 582 934 628 fossas,
960 595 1015 619 xv
1035 583 1150 633 pedes
1170 584 1276 629 latas,
1306 584 1442 621 eadem

294 644 510 689 altitudine,
540 645 744 693 perduxit:
775 657 935 694 quarum
963 644 1198 690 interiorem,
1219 645 1443 695 campestri-

293 705 365 742 bus
393 718 438 743 ac
459 705 631 742 demissis
650 706 757 751 locis,
785 719 884 756 aqua
901 719 951 742 ex
970 705 1127 743 flumine
1148 706 1317 744 derivata
1338 720 1444 745 com-

293 766 424 817 plevit.
480 766 572 802 Post
599 779 662 803 eas
690 779 868 816 aggerem
891 779 936 803 ac
956 767 1094 803 vallum
1116 779 1176 803 xu
1207 767 1346 818 pedum
1376 781 1443 806 ex-

297 827 448 864 struxit.
505 826 610 864 Huic
630 827 787 864 loricam
807 827 1018 878 pinnasque
1049 827 1204 877 adjecit,
1236 829 1445 878 grandibus

295 888 416 926 cervis
444 888 700 925 eminentibus
726 888 773 925 ad
803 888 1070 925 commissuras
1090 888 1305 939 pluteorum
1326 897 1444 940 atque

295 949 462 999 aggeris,
490 948 554 999 qui
573 948 797 985 adscensum
830 949 996 986 hostium
1016 949 1236 993 tardarent3
1263 957 1302 987 et
1321 957 1446 987 turres

294 1017 377 1048 toto
398 1023 513 1062 opere
530 1009 798 1056 circumdedit,
819 1023 916 1060 quae
931 1009 1050 1060 pedes
1067 1021 1178 1047 Lxxx
1199 1010 1299 1047 inter
1313 1023 1354 1048 se
1369 1010 1444 1049 dis-

297 1078 436 1109 tarent.

345 1133 533 1170 LXXIII.
589 1133 682 1170 Erat
699 1133 833 1171 eodem
850 1139 1024 1183 tempore
1037 1140 1075 1170 et
1091 1134 1296 1180 materiari,
1312 1142 1351 1172 et
1367 1135 1444 1173 fru-

293 1196 470 1240 mentari,
499 1202 538 1232 et
558 1202 683 1232 tantas
703 1195 937 1232 munitiones
956 1194 1052 1240 fieri,
1077 1207 1250 1241 necesse,
1270 1196 1444 1234 deminu-

295 1257 343 1293 tis
362 1256 504 1294 nostris
524 1256 660 1306 copiis,
690 1269 788 1306 quae
819 1255 969 1306 longius
989 1256 1036 1292 ab
1057 1256 1190 1293 castris
1223 1257 1445 1307 progredie-

293 1318 448 1355 bantur:
477 1330 523 1354 ac
542 1329 817 1366 nonnunquam
846 1329 964 1366 opera
984 1324 1111 1353 nostra
1144 1316 1245 1353 Galli
1279 1325 1445 1364 tentare,

294 1385 409 1428 atque
430 1377 670 1428 eruptionem
692 1390 740 1413 ex
758 1377 899 1427 oppido
919 1377 1090 1427 pluribus
1105 1377 1226 1427 portis
1245 1391 1390 1416 summa
1403 1379 1440 1416 vi

292 1439 423 1477 facere
442 1439 694 1476 conabantur.
749 1439 878 1479 Quare
905 1439 950 1474 ad
972 1438 1067 1476 haec
1088 1451 1217 1476 rursus
1242 1452 1356 1490 opera
1377 1440 1444 1477 ad-

293 1500 462 1538 dendum
483 1500 626 1537 Caesar
645 1499 807 1550 putavit,
840 1513 917 1549 quo
935 1499 1082 1536 minore
1103 1513 1263 1538 numero
1283 1502 1446 1539 militum

294 1562 526 1599 munitiones
547 1561 702 1599 defendi
722 1569 889 1611 possent.
934 1561 1070 1611 Itaque
1090 1562 1237 1599 truncis
1264 1562 1444 1600 arborum

293 1630 360 1661 aut
376 1623 582 1660 admodum
603 1622 720 1659 firmis
742 1622 853 1659 ramis
873 1622 1043 1667 abscisis,
1059 1629 1174 1673 atquc
1189 1623 1325 1660 horum
1341 1623 1446 1660 dola-

291 1684 410 1722 bratis
433 1697 478 1721 ac
510 1683 728 1734 praeacutis
760 1683 1036 1728 cacuminibus,
1065 1690 1276 1734 perpetuae
1309 1684 1445 1730 fossae,

292 1746 427 1797 quinos
446 1745 564 1796 pedes
584 1745 698 1790 altae,
719 1743 971 1781 ducebantur.
1028 1744 1117 1782 Huc
1134 1745 1185 1780 illi
1202 1745 1348 1795 stipites
1369 1745 1436 1782 de-

293 1806 411 1852 missi,
438 1814 477 1844 et.
497 1806 543 1843 ab
565 1805 695 1842 infimo
715 1805 891 1850 revincti,
915 1818 962 1842 ne
982 1805 1111 1842 revelli
1131 1813 1300 1856 possent,
1320 1807 1368 1843 ab
1388 1819 1446 1845 ra-

292 1868 364 1905 mis
379 1867 610 1905 eminebant.
656 1865 773 1908 Quini
793 1873 903 1903 erant
923 1865 1091 1911 ordines,
1122 1867 1321 1916 conjuncti
1342 1867 1441 1905 inter

292 1942 347 1974 se,
368 1936 484 1980 atque
505 1927 710 1978 implicati:
734 1939 810 1977 quo
839 1926 904 1976 qui
925 1926 1172 1973 intraverant,
1204 1940 1245 1964 se
1264 1927 1335 1978 ipsi
1352 1942 1444 1966 acu-

292 1990 447 2027 tissimis
460 1988 565 2027 vallis
579 1988 802 2025 induebant.
831 1987 900 2024 hos
917 1987 1058 2039 Cippos
1075 1989 1333 2039 appellabant.
1363 1990 1445 2026 An-

292 2057 331 2087 te
350 2050 433 2095 hos,
461 2048 625 2099 obliquis
657 2048 854 2085 ordinibus
886 2047 924 2084 in
955 2048 1210 2098 quincuncem
1231 2049 1440 2098 dispositis,

292 2113 449 2149 scrobes
485 2110 600 2148 trium
647 2109 685 2146 in
721 2108 962 2146 altitudinem
999 2109 1140 2160 pedum
1184 2109 1443 2156 fodiebantur,

292 2172 490 2224 paullatim
509 2170 732 2221 angustiore
768 2170 817 2207 ad
848 2170 1017 2206 infimum
1051 2170 1214 2219 fastigio.
1270 2171 1362 2208 Huc
1381 2177 1440 2207 te-

293 2240 395 2270 retes
426 2232 575 2283 stipites
612 2231 763 2268 feminis
796 2230 1060 2277 crassitudine,
1097 2231 1145 2268 ab
1165 2244 1313 2268 summo
1332 2243 1440 2282 prae-

291 2294 394 2332 acuti
422 2301 462 2332 et
481 2293 664 2345 praeusti,
696 2292 1011 2340 demittebantur,
1030 2292 1098 2339 ita,
1126 2299 1168 2331 ut
1187 2305 1263 2330 non
1279 2291 1441 2344 amplius
