1556 2683
283 241 356 278 150
563 238 638 276 DE
678 236 858 275 BELLO
898 237 1143 276 GALLICO

281 342 481 381 incolumis
501 342 540 379 in
561 349 686 380 castra
699 341 875 392 pervenit
890 357 899 385 ;
917 354 1018 391 pars,
1038 353 1060 378 a
1078 341 1249 378 barbaris
1264 341 1428 380 circum·

279 410 409 449 venta,
439 402 565 453 periit.

329 463 434 500 XLI.
489 463 689 508 Germani,
720 463 922 514 desperata
958 463 1247 513 expugnatione
1280 471 1426 501 castro-

278 538 376 570 rum,
397 525 500 575 quod
520 533 671 561 nostros
687 526 766 574 jam
783 523 1000 561 constitisse
1016 525 1054 561 in
1074 525 1354 563 munitionibus
1373 525 1429 562 vi-

279 586 436 630 debant,
469 598 555 622 cum
576 598 622 622 ea
640 585 796 636 praeda,
829 598 942 635 quam
962 585 1001 621 in
1021 586 1122 622 silvis
1155 587 1428 637 deposuerant,

276 654 383 685 trans
406 646 586 684 Rhenum
603 659 686 684 sese
706 654 951 696 receperunt.
1007 649 1068 685 Ac
1084 654 1212 684 tantus
1226 646 1301 684 fuit
1313 647 1430 684 etiam

276 717 365 760 post
384 708 594 746 discessum
615 708 782 745 hostium
802 716 939 754 terror,
972 715 1012 745 ut
1031 721 1076 745 ea
1094 718 1224 754 nocte,
1245 722 1362 759 quum
1384 708 1430 747 C.

277 771 510 815 Volusenus,
531 769 666 806 missus
696 783 783 806 cum
812 769 999 819 equitatu,
1033 770 1082 807 ad
1097 778 1223 807 castra
1246 770 1429 816 venisset,

275 832 393 869 fidem
413 843 490 868 non
512 831 670 876 faceret,
691 831 825 867 adesse
838 843 926 867 cum
946 831 1128 868 incolumi
1144 832 1348 869 Caesarem
1363 846 1430 869 ex-

276 894 413 931 ercitu.
470 892 535 930 Sic
556 893 726 929 omnium
747 891 894 929 animos
927 892 1041 928 timor
1060 900 1430 943 praeoccupaverat,

276 963 333 1001 ut,
359 967 482 1005 paene
511 954 676 991 alienata
695 960 838 998 mente,
871 952 1005 990 deletis
1025 954 1202 991 omnibus
1222 954 1356 1003 copiis,
1389 966 1430 990 e-

276 1017 467 1068 quitatum
497 1023 648 1053 tantum
669 1028 709 1053 se
729 1028 779 1052 ex
798 1014 890 1064 fuga
909 1015 1115 1066 recepisse,
1143 1016 1332 1061 dicerent,
1361 1028 1429 1053 ne-

277 1091 367 1129 que,
383 1077 566 1114 incolumi
583 1076 773 1122 exercitu,
803 1075 1017 1113 Germanos
1038 1084 1163 1114 castra
1182 1083 1428 1127 oppugnatu-

274 1153 337 1177 ros
356 1139 473 1176 fuisse
493 1138 787 1176 contenderent.
833 1149 948 1188 quern
968 1137 1146 1176 timorem
1167 1139 1343 1177 Caesaris
1362 1139 1429 1176 ad-

272 1208 410 1238 ventus
431 1199 599 1237 sustulit.

326 1261 455 1298 XLII.
511 1261 705 1297 Reversus
726 1259 805 1310 ille,
836 1267 997 1297 eventus
1016 1260 1106 1298 belli
1126 1274 1204 1298 non
1232 1262 1428 1310 ignorans,

276 1334 409 1368 unum,
441 1321 545 1372 quod
566 1321 747 1359 cohortes
776 1332 826 1357 ex
847 1320 1012 1358 statione
1032 1329 1071 1358 et
1090 1322 1281 1372 praesidio
1302 1330 1431 1360 essent

279 1384 456 1430 emissae,
471 1390 642 1434 questus,
659 1395 706 1420 ne
719 1382 876 1419 minimo
893 1382 1047 1433 quidem
1065 1396 1155 1420 casu
1170 1384 1298 1422 locum
1313 1385 1429 1422 relin-

274 1446 340 1497 qui
362 1445 554 1490 debuisse,
574 1444 735 1481 multum
755 1443 949 1481 fortunam
970 1444 1007 1481 in
1039 1445 1242 1495 repentino
1261 1446 1430 1484 hostium

275 1508 445 1546 adventu
459 1505 855 1557 potuisse‚judicavit;
871 1505 991 1543 multo
1006 1505 1121 1543 etiam
1137 1507 1313 1557 amplius,
1327 1508 1430 1557 quod

275 1578 401 1620 paene
434 1569 481 1605 ab
519 1568 602 1618 ipso
639 1566 737 1603 vallo
769 1566 967 1617 portisque
999 1574 1212 1605 castrorum
1245 1569 1430 1607 barbaros

277 1629 492 1666 avertisset.
538 1629 710 1670 Quarum
726 1627 895 1664 omnium
913 1639 1039 1666 rerum
1055 1629 1221 1666 maxime
1238 1630 1430 1668 admiran-

278 1690 368 1727 dum
390 1689 605 1735 videbatur,
638 1688 743 1739 quod
763 1688 961 1734 Germani,
992 1689 1057 1739 qui
1078 1701 1124 1727 eo
1145 1690 1305 1727 consilio
1326 1690 1431 1728 Rhe-

276 1763 368 1788 num
390 1750 635 1795 transierant,
657 1756 699 1786 ut
716 1749 952 1799 Ambiorigis
972 1750 1067 1787 fines
1087 1750 1431 1801 depopularentur,

277 1811 327 1848 ad
343 1818 469 1848 castra
483 1810 745 1847 Romanorum
766 1809 896 1855 delati,
917 1809 1198 1860 optatissimum
1214 1809 1432 1860 Ambiorigi

275 1871 509 1909 beneficium
531 1870 756 1908 obtulerint,

319 1931 469 1969 XLIII.
525 1932 680 1978 Caesar,
701 1945 831 1970 rursus
847 1932 895 1969 ad
914 1932 1112 1969 vexandos
1128 1932 1257 1969 hostes
1273 1931 1427 1982 profec-

279 2002 356 2039 tus,
382 2004 524 2043 magno
544 2001 681 2030 coacto
701 2007 861 2031 numero
882 2005 931 2030 ex
951 1993 1121 2030 finitimis
1137 1993 1370 2038 civitatibus,
1391 1992 1431 2029 in

281 2067 414 2091 omnes
434 2062 562 2105 partes
583 2054 753 2091 dimittit.
809 2053 955 2091 Omnes
975 2054 1064 2100 vici,
1085 2062 1202 2104 atque
1221 2053 1350 2090 omnia
1369 2066 1431 2090 ae-

282 2115 425 2160 dificia,
470 2128 568 2165 quae
601 2115 761 2166 quisque
799 2121 1070 2165 conspexerat,
1102 2114 1432 2151 incendebantur:

277 2175 421 2226 praeda
441 2187 490 2212 ex
511 2176 688 2212 omnibus
707 2175 802 2212 locis
822 2177 1010 2226 agebatur
1027 2189 1037 2211 ε
1064 2174 1257 2212 frumenta
1275 2187 1351 2211 non
1372 2187 1433 2211 so-

284 2236 362 2272 lum
384 2248 405 2272 a
424 2243 531 2274 tanta
551 2236 798 2273 multitudine
814 2238 1076 2286 jumentorum
1096 2244 1213 2287 atque
1233 2235 1430 2274 hominum

279 2298 619 2345 consumebantur,
640 2298 708 2336 sed
728 2298 843 2336 etiam
863 2297 953 2335 anni
973 2305 1147 2350 tempore
1165 2305 1282 2348 atque
1301 2295 1430 2335 imbri-
