1556 2683
282 247 377 283 -162
583 244 658 282 DE
701 243 881 282 BELLO
921 243 1167 283 GALLICO

299 355 401 395 runt,
415 348 546 399 copias
562 361 694 386 ornnes
710 349 746 385 in
764 349 850 386 loco
864 348 968 386 edito
982 355 1097 399 atque
1110 355 1244 399 aperto
1258 348 1449 388 instruxe-

298 418 401 448 runt.
438 412 525 453 Qua
543 423 583 447 re
603 410 799 455 nunciata,
821 410 962 447 Caesar
983 410 1158 447 celeriter
1170 410 1338 448 sarcinas
1359 424 1449 449 con-

294 471 399 518 ferri,
429 484 532 510 arma
551 471 740 521 expediri,
755 470 882 520 jussit.

344 533 453 570 XIX.
509 533 626 571 Collis
646 539 727 569 erat
746 532 885 570 leniter
899 533 946 569 ab
968 532 1098 569 infimo
1115 533 1283 571 acclivis.
1328 533 1448 571 Hunc

292 608 342 633 ex
363 595 540 633 omnibus
571 594 651 632 sere
683 594 855 643 partibus
874 594 982 644 palus
1001 593 1163 631 difficilis
1190 602 1306 645 atque
1328 595 1448 646 impe-

293 657 374 694 dita
393 656 587 706 cingebat,
608 668 684 692 non
701 655 813 692 latior
832 655 995 704 pedibus
1016 667 1053 692 L.
1095 655 1185 692 Hoc
1201 668 1241 693 se
1258 656 1372 702 colle,
1394 656 1449 693 in-

290 717 473 766 terruptis
492 716 687 766 pontibus,
709 716 811 752 Galli
831 716 974 753 fiducia
991 716 1067 753 loci
1088 716 1354 762 continebant,
1375 730 1445 767 ge-

289 780 530 828 neratimque
544 778 735 815 distributi
752 777 789 814 in
804 778 992 823 civitates,
1009 778 1136 815 omnia
1151 777 1247 815 vada
1262 790 1307 816 ac
1322 779 1444 816 saltus

290 841 373 889 ejus
388 839 537 891 paludis
558 839 672 876 certis
693 839 876 876 custodiis
897 839 1137 886 obtinebant,
1157 839 1212 877 sic
1231 841 1358 878 animo
1377 854 1443 892 pa-

290 901 377 946 rati,
399 907 454 947 ut,
474 901 504 938 si
518 913 600 938 eam
616 900 796 951 paludem
814 900 978 938 Romani
994 913 1242 951 perrumpere
1260 914 1448 940 conaren-

289 969 365 1008 tur,
387 962 621 999 haesitantes
642 969 860 1012 premerent
879 975 928 1000 ex
948 962 1035 1000 loco
1055 962 1276 1013 superiore:
1304 969 1360 1007 ut,
1382 963 1448 1014 qui

288 1024 617 1075 propinquitatem
630 1024 705 1062 loci
720 1024 881 1070 videret,
897 1031 1050 1074 paratos
1065 1036 1186 1074 prope
1200 1037 1324 1074 aequo
1338 1023 1446 1062 Mar-

287 1093 328 1124 te
346 1087 396 1123 ad
415 1085 674 1123 dimicandum
700 1086 939 1124 existimaret
957 1101 965 1129 ;
994 1086 1058 1136 qui
1078 1086 1320 1136 iniquitatem
1353 1098 1447 1123 con-

287 1147 445 1185 ditionis
469 1147 720 1198 perspiceret,
755 1147 857 1184 inani
877 1147 1121 1185 simulatione
1141 1160 1225 1185 sese
1246 1154 1442 1185 ostentare

289 1215 558 1259 cognosceret.
613 1208 866 1259 Indignantes
885 1209 1025 1247 milites
1047 1210 1202 1256 Caesar,
1231 1210 1334 1261 quod
1349 1223 1443 1248 con-

286 1277 464 1322 spectum
484 1282 595 1307 suum
610 1270 741 1308 hostes
760 1271 860 1308 ferre
879 1277 1050 1321 possent,
1072 1271 1221 1308 tantulo
1241 1271 1365 1322 spatio
1383 1271 1444 1308 in-

287 1334 467 1382 terjecto,
484 1339 523 1369 et
538 1331 689 1388 signum
706 1331 842 1382 proelii
861 1339 1132 1382 exposcentes,
1148 1333 1301 1379 edocet,
1323 1345 1443 1384 quan-

286 1401 327 1431 to
347 1393 580 1431 detrimento
600 1401 638 1431 et
660 1400 753 1444 quot
772 1393 941 1431 virorum
959 1393 1115 1431 fortium
1135 1402 1260 1432 morte
1280 1407 1444 1432 necesse

284 1455 334 1493 sit
354 1462 531 1493 constare
564 1455 789 1493 victoriam:
810 1467 905 1506 quos
925 1469 1042 1506 quum
1062 1455 1118 1493 sic
1137 1456 1265 1493 animo
1284 1463 1440 1507 paratos

285 1517 429 1563 videat,
457 1524 500 1554 ut
519 1516 666 1554 nullum
694 1529 764 1567 pro
783 1529 852 1554 sua
870 1517 985 1555 laude
1012 1518 1226 1569 periculum
1246 1526 1443 1566 recusent,

286 1591 458 1617 summae
478 1591 518 1616 se
539 1578 750 1628 iniquitatis
771 1578 1021 1616 condemnari
1041 1579 1198 1626 debere,
1218 1580 1289 1618 nisi
1310 1593 1444 1619 eorum

283 1641 401 1678 vitam
423 1653 491 1678 sua
524 1640 646 1677 salute
666 1639 806 1677 habeat
826 1640 1026 1678 cariorem.
1082 1641 1147 1680 Sic
1178 1641 1320 1679 milites
1354 1655 1446 1680 con-

284 1702 443 1749 solatus,
463 1701 599 1739 eodem
621 1701 683 1739 die
698 1701 850 1739 reducit
869 1701 906 1738 in
923 1708 1064 1745 castra;
1084 1702 1323 1753 reliquaque,
1345 1716 1445 1754 quae

286 1764 336 1801 ad
368 1763 697 1815 oppugnationem
726 1762 857 1814 oppidi
882 1763 1143 1814 pertinebant,
1172 1764 1441 1802 administrare

285 1825 465 1863 instituit.

336 1886 424 1924 XX.
480 1886 793 1937 Vercingetorix,
823 1900 940 1938 quum
960 1887 1008 1925 ad
1036 1900 1125 1925 suos
1145 1888 1322 1935 redisset,
1349 1902 1441 1939 pro«

281 1948 437 1986 ditionis
470 1948 723 1995 insimulatus,
757 1949 861 1999 quod
893 1955 1018 1987 castra
1046 1949 1202 2000 propius
1236 1950 1436 1988 Romanos

281 2009 478 2054 movisset,
495 2009 607 2061 quod
628 2023 715 2047 cum
735 2010 839 2047 omni
859 2010 1033 2061 equitatu
1053 2011 1306 2057 discessisset,
1335 2012 1440 2063 quod

282 2071 364 2109 sine
380 2071 540 2122 imperio
561 2078 686 2109 tantas
716 2071 845 2122 copias
874 2072 1105 2123 reliquisset,
1137 2073 1241 2124 quod
1260 2074 1342 2123 ejus
1362 2073 1438 2110 dis-

280 2145 392 2171 cessu
414 2132 579 2171 Romani
599 2140 706 2170 tanta
726 2134 1016 2184 opportunitate
1036 2142 1075 2173 et
1094 2134 1293 2173 celeritate
1313 2134 1438 2172 venis-

279 2201 392 2231 sent:
422 2207 499 2231 non
519 2194 616 2232 haec
637 2195 765 2233 omnia
784 2194 944 2233 fortuito
964 2203 1030 2233 aut
1050 2195 1131 2233 sine
1151 2195 1312 2234 consilio
1331 2195 1433 2233 acci-

281 2254 373 2292 dere
406 2255 599 2306 potuisse:
628 2268 791 2306 regnum
821 2255 927 2293 illum
949 2255 1099 2294 Galliae
1118 2255 1232 2293 malle
1262 2256 1437 2294 Caesaris

281 2328 482 2364 concessu,
503 2329 618 2368 quam
637 2316 806 2368 ipsorum
826 2316 970 2356 habere
989 2317 1302 2357 beneficio—tali
1320 2316 1437 2356 modo
