1556 2683
266 246 339 282 112
578 244 652 281 DE
690 243 868 281 BELLO
905 243 1148 281 GALLICO

261 353 299 383 et
322 346 413 396 quid
441 359 593 396 quoque
616 347 702 384 loco
721 347 937 384 faciendum
959 355 1058 384 esset
1077 346 1290 397 providere,
1315 359 1401 396 pos-

260 415 362 450 sent;
377 409 572 457 jusserunt
588 408 856 458 pronunciare,
873 415 914 445 ut
927 408 1199 458 impedimenta
1212 407 1401 457 relinque-

262 475 362 511 rent,
392 474 506 516 atque
536 467 571 502 in
599 468 729 504 orbem
758 468 1023 506 consisterent.
1061 469 1163 519 quod
1191 468 1403 513 consilium,-

260 527 331 563 etsi
349 528 384 562 in
402 526 587 575 ejusmodi
609 539 699 563 casu
715 526 1073 576 reprehendendum
1093 541 1166 564 non
1184 536 1255 573 est,
1275 534 1404 564 tamen

261 586 502 622 incommode
518 586 675 623 accidit:
696 600 781 623 nam
803 595 840 624 et
856 588 994 625 nostris
1014 588 1194 625 militibus
1210 600 1315 637 spem
1336 587 1404 624 mi-

260 648 356 691 nuit,
377 655 415 683 et
432 647 560 684 hostes
579 646 627 684 ad
643 660 809 697 pugnam
826 648 1030 685 alacriores
1051 648 1190 694 effecit,
1211 648 1313 698 quod
1328 660 1405 683 non

261 708 343 745 sine
364 722 511 745 summo
531 708 667 745 timore
688 718 726 745 et
742 709 1008 758 desperatione
1028 710 1065 746 id
1085 709 1229 747 factum
1249 710 1406 746 videba-

259 775 333 805 tur.
389 769 594 806 Praeterea
626 770 779 814 accidit,
813 770 916 819 quod
947 770 1028 807 fieri
1056 783 1213 808 necesse
1234 777 1329 815 erat,
1362 777 1406 807 ut

258 830 375 879 vulgo
396 822 534 866 milites
555 830 600 866 ab
621 830 738 880 signis
758 830 1018 875 discederent3
1047 844 1144 881 quae
1165 831 1324 881 quisque
1341 844 1405 868 eo-

258 902 342 926 rum
360 890 554 927 carissima
570 890 742 935 haberet,
777 892 822 927 ab
841 890 1122 940 impedimentis
1136 899 1269 941 petere
1290 898 1405 940 atque

259 951 435 1001 abripere
457 958 700 1001 properaret;
718 951 884 989 clamore
911 964 955 989 ac
976 952 1070 989 fletu
1091 953 1218 990 omnia
1237 952 1405 1002 comple-

258 1021 403 1049 rentur.

310 1074 494 1111 XXXIV.
550 1075 605 1110 At
631 1073 801 1110 barbaris
822 1073 1021 1110 consilium
1048 1086 1125 1110 non
1154 1072 1287 1110 defuit.
1316 1086 1404 1111 nam

258 1135 375 1172 duces
397 1149 528 1173 eorum
551 1143 633 1172 tota
651 1134 733 1172 acie
752 1136 1007 1185 pronunciare
1024 1135 1233 1183 jusserunt,
1255 1148 1303 1172 ne
1323 1136 1406 1185 quis

258 1196 307 1232 ab
328 1196 413 1233 loco
443 1196 674 1241 discederet,
700 1195 850 1232 illorum
870 1208 951 1232 esse
971 1195 1166 1245 praedam,
1196 1202 1312 1246 atque
1332 1196 1413 1233 illis.

260 1256 462 1301 reservari,
490 1268 742 1307 quaecunque
764 1255 927 1293 Romani
948 1255 1216 1305 reliquissent:
1245 1256 1406 1306 proinde

260 1317 389 1353 omnia
408 1316 444 1352 in
465 1317 624 1354 victoria
651 1317 774 1366 posita
803 1316 1079 1353 existimarent.
1133 1316 1253 1354 Erant
1273 1324 1313 1353 et
1330 1317 1407 1354 vir-

257 1383 341 1413 tute
362 1384 401 1413 et
421 1388 580 1412 numero
609 1376 817 1426 pugnando
843 1388 976 1426 pares:
1008 1376 1130 1414 nostri
1158 1385 1299 1423 tamen,
1333 1378 1407 1415 etsi

258 1437 305 1473 ab
319 1436 418 1473 duce
434 1443 472 1473 et
486 1449 506 1473 a
519 1436 672 1473 fortuna
686 1436 976 1481 deserebantur,
991 1444 1119 1474 tamen
1133 1451 1283 1475 omnem
1298 1451 1408 1488 spem

261 1497 393 1534 salutis
409 1497 446 1533 in
463 1497 604 1534 virtute
618 1498 831 1548 ponebant3
850 1505 902 1542 ct,
917 1499 1066 1547 quoties
1080 1511 1254 1549 quaeque
1270 1500 1408 1537 cohors

262 1565 521 1609 procurreret,
541 1558 588 1595 ab
605 1570 649 1594 ea
662 1565 770 1608 parte
789 1571 950 1608 magnus
965 1558 1129 1596 hostium
1146 1572 1325 1598 numerus
1345 1573 1407 1599 ca-

260 1619 388 1655 debat.
444 1620 529 1660 Qua
557 1631 597 1655 re
617 1619 891 1664 animadversa,
925 1619 1129 1657 Ambiorix
1160 1621 1409 1671 pronunciari

258 1679 384 1729 jubet,
404 1686 446 1716 ut
461 1680 592 1729 procul
609 1679 686 1716 tela
699 1680 920 1729 conjiciant,
935 1693 1009 1718 neu
1025 1682 1181 1731 propius
1195 1682 1405 1720 accedant:

261 1746 315 1784 et,
332 1752 444 1789 quan]
461 1739 496 1775 in
514 1747 661 1790 partem
678 1740 841 1777 Romani
857 1740 1041 1791 impetum
1056 1741 1233 1788 fecerint,
1249 1742 1406 1786 cedant;

265 1799 441 1850 (levitate
467 1808 674 1846 armorum,
695 1809 734 1838 et
754 1801 974 1851 quotidiana
993 1803 1287 1849 exercitatione,
1306 1803 1402 1840 nihil

259 1861 303 1897 iis
323 1862 454 1899 noceri
483 1863 615 1913 posse)
641 1875 769 1899 rursus
789 1874 828 1899 se
847 1862 896 1900 ad
915 1862 1024 1914 signa
1049 1863 1278 1914 recipientes
1298 1864 1398 1902 inse-

264 1930 442 1972 quantur.
1358 1922 1360 1924 ¹

312 1983 476 2020 XXXV.
531 1985 618 2026 Quo
646 1992 854 2035 praecepto
881 1985 927 2022 ab
955 1986 998 2021 iis
1018 1985 1307 2035 diligentissime
1336 1987 1404 2024 ob-

262 2050 427 2088 servato,
461 2055 547 2080 cum
581 2044 781 2094 quaepiam
810 2045 948 2082 cohors
976 2058 1026 2082 ex
1047 2046 1140 2082 orbe
1169 2055 1403 2093 excesserat,

260 2112 375 2154 atque
407 2104 590 2154 impetum
620 2104 777 2150 fecerat,
809 2107 939 2143 hostes
967 2107 1204 2144 velocissime
1237 2107 1405 2158 refugie-

259 2166 365 2202 bant.
419 2165 576 2202 Interim
597 2178 679 2202 eam
712 2174 861 2215 partem
889 2167 1024 2203 nudari
1054 2180 1212 2205 necesse
1233 2176 1329 2214 erat,
1362 2176 1402 2206 et

259 2227 306 2263 ab
328 2227 446 2264 latere
473 2234 606 2276 aperto
633 2227 710 2263 tela
730 2227 861 2278 recipi.
915 2228 1076 2274 Rursus,
1110 2241 1226 2278 quum
1256 2228 1293 2265 in
1313 2242 1402 2267 eum

260 2288 403 2335 locum,
436 2288 538 2326 unde
560 2296 670 2326 erant
688 2289 846 2340 egressi,
879 2291 1018 2328 reverti
1037 2298 1260 2341 coeperant,
1288 2298 1326 2328 et
1354 2290 1402 2328 ab
