1556 2683
289 199 363 235 102
573 196 647 240 DE
688 194 867 232 BELLO
908 194 1152 233 GALLICO

286 313 373 337 eum
395 299 570 350 equitatu
590 306 720 336 nostro
741 299 779 335 in
808 298 944 336 itinere
974 298 1260 342 conflixerunt;
1287 304 1432 343 tamen,

286 368 328 397 ut
348 361 466 397 nostri
501 361 676 397 omnibus
703 361 875 410 partibus
895 359 1111 409 superiores
1130 358 1288 403 fuerint,
1320 366 1436 409 atque

285 434 351 457 eos
371 421 408 457 in
429 421 541 457 silvas
562 421 756 470 collesque
772 419 1045 469 compulerint:
1069 419 1152 464 sed,
1172 419 1435 470 compluribus

285 481 512 526 interfectis,
534 482 710 531 cupidius
726 481 905 526 insecuti,
924 479 1127 517 nonnullos
1143 492 1192 516 ex
1209 480 1285 517 suis
1300 480 1437 517 amise-

286 550 387 579 runt.
430 544 483 579 At
499 542 567 588 illi,
588 542 804 578 intermisso
820 541 957 591 spatio,
977 540 1283 590 imprudentibus
1296 541 1436 577 nostris

287 611 404 653 atque
424 603 623 653 occupatis
643 603 680 639 in
696 602 908 639 munitione
930 609 1156 646 castrorum,
1177 601 1304 639 subito
1323 614 1363 638 se
1385 614 1436 639 ex

285 664 388 700 silvis
417 666 641 713 ejecerunt3
678 664 901 714 impetuque
928 663 966 698 in
986 674 1052 699 eos
1079 661 1197 707 sacto,
1231 664 1295 713 qui
1328 671 1438 700 erant

286 725 323 761 in
345 726 511 763 statione
531 739 600 776 pro
620 725 755 762 castris
777 723 970 768 collocati,
991 723 1132 760 acriter
1147 732 1435 773 pugnaverunt:

287 786 512 837 duabusque
529 787 651 824 missis
665 786 834 823 subsidio
851 785 1072 822 cohortibus
1088 797 1110 821 a
1123 784 1302 831 Caesare,
1318 793 1434 836 atque

284 847 343 883 his
359 847 489 898 primis
505 847 700 897 legionum
718 847 892 891 duarum,
913 858 1030 895 quum
1045 845 1132 890 hae,
1148 846 1362 896 perexiguo
1378 846 1434 882 in-

285 908 460 945 termisso
480 909 555 946 loci
570 909 693 959 spatio
710 908 808 944 inter
823 920 877 953 se,
899 906 1175 951 constitissent,
1198 919 1297 943 novo
1317 919 1435 957 gene-

286 982 326 1006 re
346 982 499 1019 pugnae
529 969 742 1020 perterritis
762 968 915 1013 nostris,
935 980 1005 1017 per
1020 967 1166 1004 medios
1181 967 1434 1004 audacissime

284 1038 558 1081 proruperunt,
589 1043 706 1080 seque
727 1030 815 1066 inde
836 1028 1048 1066 incolumes
1076 1036 1320 1078 receperunt.
1376 1028 1436 1065 Eo

284 1089 346 1127 die
361 1091 409 1131 Q.
431 1090 618 1127 Laberius
640 1090 783 1135 Durus,
804 1089 978 1126 tribunus
998 1089 1174 1135 militum,
1196 1089 1437 1127 interficitur.

286 1150 362 1196 Illi,
393 1151 565 1201 pluribus
585 1151 780 1189 submissis
800 1150 1037 1196 cohortibus,
1057 1150 1308 1200 repelluntur.

337 1212 446 1248 XVI.
502 1213 603 1249 Toto
618 1213 693 1249 hoc
709 1212 746 1248 in
767 1224 911 1261 genere
930 1224 1096 1262 pugnae,
1118 1225 1235 1262 quum
1251 1212 1321 1248 sub
1341 1224 1436 1248 ocu-

285 1273 330 1310 lis
350 1274 520 1310 omnium
535 1286 579 1310 ac
596 1286 665 1323 pro
682 1273 816 1310 castris
831 1272 1092 1318 dimicaretur,
1109 1272 1348 1310 intellectum
1363 1280 1435 1319 est,

281 1342 432 1370 nostros
452 1342 611 1384 propter
629 1334 857 1383 gravitatem
878 1345 1085 1378 armorum,
1105 1334 1208 1383 quod
1228 1346 1354 1384 neque
1374 1332 1432 1369 in-

283 1396 391 1446 sequi
412 1395 594 1433 cedentes
614 1401 784 1445 possent,
805 1407 932 1444 neque
951 1394 998 1430 ab
1014 1394 1131 1444 signis
1147 1394 1348 1431 discedere
1369 1407 1436 1431 au-

284 1455 436 1500 derent,
468 1455 594 1492 minus
622 1461 731 1505 aptos
751 1467 834 1492 esse
853 1455 902 1491 ad
931 1454 1044 1503 hujus
1072 1454 1226 1504 generis
1258 1454 1436 1499 hostem;

283 1515 432 1566 equites
452 1523 580 1552 autem
601 1528 741 1565 magno
758 1527 844 1552 cum
865 1515 1037 1565 periculo
1059 1514 1252 1565 [proelio]
1279 1515 1436 1552 dimica-

283 1588 339 1621 re,
373 1583 579 1625 propterea
599 1576 703 1626 quod
722 1575 775 1612 illi
795 1575 909 1613 etiam
929 1575 1106 1612 consulto
1126 1575 1351 1626 plerumque
1372 1588 1437 1613 ce-

283 1637 436 1681 derent,
457 1643 510 1682 et,
531 1650 646 1687 quum
662 1637 831 1687 paullum
852 1637 899 1673 ab
914 1636 1130 1687 legionibus
1145 1645 1295 1674 nostros
1311 1649 1436 1673 remo-

282 1697 439 1743 vissent,
460 1711 508 1734 ex
529 1698 672 1735 essedis
693 1698 906 1743 desilirent,
926 1705 964 1735 et
979 1697 1141 1747 pedibus
1161 1698 1303 1748 dispari
1322 1710 1436 1748 proe-

283 1758 336 1795 lio
357 1759 649 1796 contenderent.
698 1758 897 1809 Equestris
912 1766 1040 1796 autem
1060 1758 1196 1809 proelii
1212 1759 1308 1796 ratio
1321 1765 1360 1796 et
1375 1771 1438 1795 ce-

285 1818 465 1855 dentibus
485 1826 522 1856 et
543 1819 834 1869 insequentibus
853 1831 921 1869 par
952 1826 1067 1868 atque
1088 1819 1188 1856 idem
1220 1818 1435 1869 periculum
1547 1797 1551 1893 Ι

285 1880 488 1917 inferebat.
546 1881 774 1917 Accedebat
788 1881 878 1925 huc,
899 1886 941 1916 ut
957 1892 1153 1930 nunquam
1169 1880 1348 1925 conferti,
1369 1879 1438 1917 sed

286 1941 361 1978 rari
382 1941 605 1991 magnisque
627 1942 848 1986 intervallis,
864 1940 1160 1991 proeliarentur,
1177 1941 1439 1992 stationesque

285 2002 487 2052 dispositas
510 2003 711 2048 haberent,
742 2010 857 2052 atque
877 2001 970 2038 alios
990 2002 1052 2038 alii
1073 2001 1256 2052 deinceps
1277 2003 1433 2053 excipe-

284 2074 384 2109 rent,
406 2063 623 2113 integrique
644 2070 682 2100 et
709 2070 885 2100 recentes
905 2062 1123 2112 defatigatis
1143 2064 1412 2101 succederent.

340 2124 469 2160 XVII.
526 2123 687 2160 Postero
708 2123 770 2161 die
790 2123 924 2174 procul
940 2136 962 2160 a
977 2124 1111 2160 castris
1127 2124 1258 2161 hostes
1274 2125 1309 2159 in
1329 2124 1437 2161 colli-

285 2187 357 2223 bus
374 2186 644 2231 constiterunt,
662 2185 812 2235 rarique
827 2198 867 2222 se
881 2185 1098 2230 ostendere,
1119 2193 1158 2223 et
1172 2185 1308 2232 lenius,
1324 2198 1438 2235 quam

286 2245 424 2296 pridie,
455 2252 604 2283 nostros
625 2246 773 2295 equites
801 2245 946 2295 proelio
972 2245 1176 2293 lacessere,
1211 2254 1435 2297 coeperunt.

923 2591 1556 2683 *4
