1556 2683
301 235 349 270 88
606 233 680 270 DE
718 232 896 270 BELLO
936 231 1179 270 GALLICO

298 348 372 385 que
391 335 608 385 imperavit3
635 350 795 386 quorum
824 336 876 373 illi
905 344 1052 386 partem
1072 336 1197 373 statim
1228 335 1433 381 dederunt,

296 403 457 444 partem,
486 409 535 432 ex
561 396 889 447 longinquioribus
918 397 1010 433 locis
1039 396 1271 440 arcessitam,
1302 396 1433 444 paucis

295 455 430 493 diebus
464 470 545 493 sese
574 458 740 502 daturos,
774 458 968 495 dixerunt.
1022 457 1175 494 Interea
1207 469 1294 492 suos
1322 456 1433 492 remi-

295 531 405 567 grare
426 519 462 554 in
489 531 600 568 agros
614 521 833 568 jusserunt;
867 518 1136 568 principesque
1157 518 1324 567 undique
1345 530 1435 553 con-

293 592 447 623 venere,
481 587 521 616 et
547 592 588 616 se
618 580 866 629 civitatesque
885 592 970 616 suas
992 579 1144 616 Caesari
1165 579 1432 615 commendare

307 649 529 690 coeperunt.

346 702 535 738 XXVIII.
590 701 664 738 His
693 703 806 739 rebus
835 715 930 751 pace
962 701 1196 745 confirmata,
1228 707 1314 750 post
1334 700 1435 737 diem

293 773 353 806 lv,
383 774 494 811 quam
515 768 570 798 est
591 761 628 797 in
653 762 884 798 Britanniam
903 768 1074 805 ventum,
1105 774 1219 797 naves
1238 773 1363 806 xviii,
1384 761 1434 798 de

293 821 429 871 quibus
448 834 561 871 supra
590 822 890 858 demonstratum
911 829 982 865 est,
1011 834 1109 871 quae
1128 821 1277 870 equites
1307 828 1433 857 sustu-

291 882 428 926 lerant,
449 895 498 918 ex
518 881 712 931 superiore
732 890 844 931 portu
864 881 940 918 leni
959 888 1073 917 vento
1093 880 1308 917 solverunt:
1336 893 1434 931 quae

291 956 405 991 quum
427 943 779 992 appropinquarent
812 941 1046 986 Britanniae,
1080 949 1118 977 et
1139 954 1187 977 ex
1216 941 1349 977 castris
1378 941 1432 977 vi-

290 1004 485 1047 derentur,
515 1010 622 1039 tanta
641 1010 846 1053 tempestas
872 1002 998 1039 subito
1019 1009 1149 1038 coorta
1170 1009 1240 1045 est,
1271 1009 1310 1038 ut
1330 1001 1433 1038 nulla

288 1076 417 1099 earum
447 1077 600 1100 cursum
619 1072 750 1100 tenere
770 1071 922 1114 posset:
949 1063 1016 1100 sed
1035 1063 1130 1100 aliae
1149 1062 1299 1106 eodem,
1331 1061 1433 1099 unde

288 1131 397 1160 erant
417 1124 626 1173 profectae,
646 1124 893 1169 referrentur,
926 1123 1019 1160 aliae
1039 1123 1088 1159 ad
1108 1122 1326 1159 inferiorem
1345 1135 1432 1173 par-

288 1191 365 1221 tem
388 1185 545 1230 insulae,
579 1198 676 1235 quae
696 1192 754 1221 est
785 1185 940 1235 propius
960 1184 1048 1221 solis
1068 1196 1261 1229 occasum,
1291 1197 1432 1233 magno

286 1245 344 1282 sui
365 1259 451 1283 cum
485 1245 656 1296 periculo
685 1245 967 1295 dejicerentur:
996 1257 1093 1294 quae
1113 1252 1255 1289 tamen,
1289 1245 1432 1282 ancho-

288 1305 339 1343 ris
367 1307 493 1356 jactiS,
522 1320 639 1356 quum
670 1306 850 1343 fluctibus
871 1305 1168 1356 complerentur,
1201 1306 1432 1352 necessario,

284 1367 443 1404 adversa
462 1374 576 1404 nocte
596 1368 633 1404 in
653 1367 771 1404 altum
791 1374 1013 1417 provectae,
1033 1366 1295 1404 continentem
1310 1367 1433 1418 petie-

287 1435 387 1464 runt.

328 1487 478 1525 XXIX.
534 1488 679 1526 Eadem
701 1496 815 1526 nocte
836 1489 990 1533 accidit,
1007 1496 1049 1526 ut
1065 1497 1164 1526 esset
1183 1490 1272 1528 luna
1292 1491 1430 1541 plena:

285 1548 349 1598 qui
378 1549 458 1585 dies
491 1550 701 1587 maritimos
729 1558 856 1587 aestus
884 1550 1071 1587 maximos
1109 1550 1146 1586 in
1180 1563 1325 1588 oceano
1354 1551 1431 1588 effi-

283 1621 372 1646 cere
393 1610 618 1653 consuevit3
651 1611 866 1661 nostrisque
893 1611 930 1647 id
960 1619 1042 1648 erat
1068 1611 1318 1661 incognitum.
1371 1613 1433 1650 Ita

285 1684 362 1707 uno
382 1677 555 1721 tempore
585 1680 623 1709 et
656 1672 787 1722 longas
807 1685 936 1717 naves,
966 1672 1103 1722 quibus
1123 1673 1263 1710 Caesar
1282 1675 1431 1712 exerci-

284 1739 364 1768 tum
396 1734 729 1782 transportandum
764 1741 979 1778 curaverat,
1009 1746 1178 1783 quasque
1210 1733 1247 1770 in
1279 1734 1427 1772 aridum

285 1794 534 1838 subduxerat,
563 1802 690 1831 aestus
712 1794 942 1844 complebat,
963 1801 1001 1831 et
1022 1794 1228 1840 onerarias,
1258 1808 1355 1845 quae
1380 1797 1430 1834 ad

282 1853 469 1890 anchoras
501 1862 610 1890 erant
637 1854 841 1903 deligatae,
873 1861 1080 1903 tempestas
1099 1854 1334 1892 adflictabat.
1363 1869 1431 1893 ne-

283 1927 357 1964 que
378 1915 452 1952 ulla
481 1915 619 1952 nostris
639 1915 799 1953 facultas
818 1922 884 1952 aut
904 1915 1205 1960 administrandi,
1240 1925 1306 1953 aut
1333 1930 1428 1954 aux-

283 1975 428 2020 iliandi,
462 1975 634 2012 dabatur.
690 1976 960 2026 Compluribus
988 1976 1144 2013 navibus
1163 1976 1306 2022 fractis,
1340 1978 1427 2014 reli-

283 2049 380 2086 quae
401 2050 517 2087 quum
537 2044 678 2082 essent,
705 2037 874 2081 funibus,
894 2036 1084 2081 anchoris,
1110 2037 1341 2087 reliquisque
1369 2051 1428 2075 ar-

283 2098 485 2134 mamentis
504 2097 662 2142 amissis,
686 2098 734 2134 ad
754 2097 1008 2147 navigandum
1030 2097 1196 2143 inutiles,
1218 2112 1369 2149 magna,
1389 2099 1433 2136 id.

283 2159 385 2207 quod
414 2171 571 2195 necesse
592 2166 673 2196 erat
693 2159 884 2204 accidere,
917 2159 1034 2196 totius
1055 2159 1249 2196 exercitus
1276 2168 1427 2210 pertur-

279 2219 383 2255 batio
403 2219 506 2256 facta
525 2227 605 2256 est:
633 2232 757 2270 neque
777 2219 878 2256 enim
898 2233 1014 2256 naves
1033 2227 1140 2256 erant
1160 2220 1270 2265 aliae,
1291 2222 1426 2271 quibus

280 2280 466 2330 reportari
499 2287 668 2331 possent,
697 2288 735 2318 ct
756 2280 882 2318 omnia
914 2280 1088 2327 deerant,
1121 2295 1218 2333 quae
1237 2282 1284 2319 ad
1304 2282 1426 2319 refici-
