1556 2683
604 299 769 338 LIBER
822 300 854 337 1.
1264 301 1312 342 ‘27

170 409 306 454 postea
339 408 504 440 armatos
536 414 581 441 ac
612 403 778 441 victores
809 401 1066 454 superassent.
1130 402 1314 454 Denique

173 464 243 501 hos
262 476 344 502 esse
371 464 540 510 eosdem,
573 465 801 515 quibuscum
834 476 1111 514 saepenumero
1143 463 1315 502 Helvetii

174 524 387 575 congressi,
407 537 483 562 non
503 524 624 562 solum
644 525 682 562 in
701 525 792 571 suis,
825 524 893 562 sed
911 524 1026 562 etiam
1046 525 1086 561 in
1105 524 1255 562 illorum
1270 522 1315 561 fi-

170 584 296 631 nibus,
331 585 555 636 plerumque
588 586 817 636 superarint,
853 585 919 636 qui
939 593 1067 624 tamen
1087 598 1198 636 pares
1230 598 1314 623 esse

169 653 302 683 nostro
334 646 509 684 exercitu
536 660 612 683 non
645 647 853 697 potuerint.
909 646 950 684 Si
982 659 1078 697 quos
1107 647 1312 684 adversum

170 706 359 756 proelium
373 715 413 744 et
426 706 519 757 fuga
533 707 733 745 Gallorum
749 715 1022 752 commoveret,
1041 707 1124 753 hos,
1145 707 1176 744 si
1197 719 1314 758 quae-

170 774 314 812 rerent,
333 767 500 818 reperire
519 780 646 818 posse,
678 768 931 805 diuturnitate
967 767 1059 805 belli
1088 767 1312 818 defatigatis

171 827 307 874 Gallis,
329 828 579 875 Ariovistum,
599 842 716 880 quum
736 829 876 867 multos
891 841 1040 867 menses
1059 828 1194 866 castris
1212 841 1252 866 se
1267 842 1315 866 ac

172 888 376 939 paludibus
401 889 603 936 tenuisset,
640 903 766 941 neque
793 891 852 928 sui
882 897 1113 941 potestatem
1145 890 1317 935 fecisset,

170 948 418 999 desperantes
432 951 512 999 J‘am
532 951 579 988 de
598 964 741 1001 pugna,
761 958 802 988 et
820 951 1028 1002 dispersos,
1055 950 1182 987 subito
1203 949 1317 987 ador-

170 1016 267 1054 tum,
287 1010 408 1060 magis
428 1011 574 1048 ratione
594 1018 634 1048 et
653 1011 828 1057 consilio,
848 1023 963 1062 quam
981 1010 1140 1056 virtute,
1168 1009 1318 1048 vicisse.

172 1068 247 1107 Cui
282 1069 422 1107 rationi
447 1079 584 1109 contra
610 1071 786 1109 homines
821 1072 1006 1109 barbaros
1025 1078 1142 1122 atque
1160 1071 1316 1122 imperi-

170 1137 232 1167 tos
250 1130 358 1168 locus
377 1130 524 1178 fuisset,
543 1132 630 1178 hac,
650 1145 700 1170 ne
719 1132 843 1183 ipsum
859 1133 1015 1183 quidem
1034 1144 1204 1183 sperare,
1223 1146 1314 1170 nos·

169 1198 250 1228 tros
270 1191 466 1229 exercitus
485 1193 571 1243 capi
590 1205 714 1243 posse.
768 1193 845 1235 Qui
864 1205 975 1230 suum
994 1192 1172 1230 timorem
1191 1193 1230 1229 in
1256 1193 1314 1230 rei

168 1250 443 1289 frumentariae
474 1252 771 1299 simulationem,
808 1252 1080 1303 angustiasque
1116 1252 1312 1299 itinerum,

170 1313 406 1359 conferrent,
424 1312 552 1351 facere
567 1322 810 1365 arroganter;
830 1327 947 1364 quum
961 1321 1028 1351 aut
1042 1313 1092 1350 de
1107 1313 1231 1351 officio
1247 1314 1318 1351 im-

170 1373 358 1424 peratoris
377 1374 596 1425 desperare,
629 1383 696 1413 aut
715 1375 750 1413 ei
768 1374 1046 1426 praescribere,
1077 1374 1314 1412 viderentur.

169 1434 284 1472 Haec
302 1434 373 1472 sibi
391 1447 476 1473 esse
495 1447 632 1473 curae:
660 1435 895 1473 frumentum
915 1435 1127 1486 Sequanos,
1147 1434 1317 1481 Leucos,

170 1495 370 1546 Lingonas
400 1496 714 1540 subministrare;
746 1498 903 1547 jamque
937 1508 1020 1534 esse
1049 1495 1088 1533 in
1108 1496 1209 1547 agris
1238 1496 1318 1534 fru-

171 1565 302 1595 menta
318 1564 487 1595 matura:
515 1557 563 1595 de
583 1557 719 1596 itinere
738 1558 839 1609 ipsos
853 1556 960 1595 brevi
980 1564 1154 1607 tempore
1168 1557 1320 1607 judica-

172 1626 292 1656 turos.
346 1618 461 1662 Quod
478 1631 557 1656 non
575 1619 658 1657 fore
674 1619 780 1657 dicto
799 1619 1002 1656 audientes
1016 1618 1172 1664 milites,
1191 1632 1322 1670 neque

172 1680 282 1731 signa
299 1680 428 1725 laturi,
447 1680 639 1726 dicantur,
658 1680 754 1717 nihil
769 1693 810 1718 se
823 1693 870 1719 ea
887 1692 929 1717 re
944 1679 1199 1718 commoveri:
1219 1680 1320 1718 scire

171 1741 288 1787 enim,
307 1740 602 1792 quibuscunque
622 1741 816 1779 exercitus
835 1741 940 1780 dicto
961 1740 1121 1778 audiens
1137 1753 1215 1778 non
1232 1740 1321 1778 fue-

169 1801 235 1849 rit,
254 1809 335 1849 aut,
353 1802 453 1840 male
467 1815 509 1840 re
523 1810 646 1853 gesta,
665 1802 859 1841 fortunam
875 1802 1064 1846 defuisse3
1088 1810 1168 1849 aut,
1187 1803 1318 1853 aliquo

170 1863 345 1912 facin9re
365 1871 577 1915 comperto,
610 1863 806 1901 avaritiam
825 1876 908 1902 esse
928 1864 1170 1902 convictam:
1209 1876 1319 1902 suam

169 1922 431 1962 innocentiam
459 1932 648 1975 perpetua
665 1924 757 1970 vita,
787 1924 1012 1963 felicitatem
1045 1925 1318 1966 Helvetiorum

170 1985 288 2031 bello,
310 1998 394 2024 esse
418 1992 672 2036 perspectam.
726 1985 864 2036 Itaque
882 1998 939 2030 se,
969 1986 1073 2037 quod
1100 1986 1139 2023 in
1166 1986 1317 2037 longio-

171 2059 253 2084 rem
265 2046 367 2083 diem
380 2046 587 2084 collaturus
601 2053 714 2092 esset,
727 2053 1118 2097 repraesentaturum,
1135 2054 1175 2084 et
1186 2047 1318 2098 proxi-

171 2119 234 2144 ma
251 2114 366 2145 nocte
385 2107 435 2145 de
454 2114 589 2158 quarta
601 2107 732 2158 vigilia
750 2115 876 2146 castra
892 2116 1101 2155 moturum,
1122 2116 1164 2146 ut
1183 2122 1317 2160 quam-

171 2168 336 2219 primum
354 2168 569 2219 intelligere
588 2176 731 2220 posset,
761 2177 890 2208 utrum
909 2170 1012 2221 apud
1031 2183 1096 2208 eos
1115 2169 1241 2221 pudor
1259 2177 1317 2208 at-

169 2241 247 2279 que
279 2228 459 2276 officium,
489 2242 538 2267 an
556 2229 671 2268 timor
699 2230 858 2269 valeret.
912 2231 1028 2273 Quod
1052 2231 1085 2268 si
1115 2238 1319 2283 praeterea

173 2301 287 2327 nemo
317 2297 513 2341 sequatur,
543 2298 671 2329 tamen
702 2304 743 2329 se
768 2304 857 2330 cum
882 2293 964 2330 sola
982 2293 1132 2332 decima
1161 2293 1317 2344 legione

172 2350 331 2399 iturum,
349 2352 398 2391 de
417 2365 494 2404 qua
506 2365 585 2391 non
599 2352 808 2401 dubitaret,
826 2353 976 2405 sibique
988 2367 1073 2394 eam
1087 2354 1318 2407 praetoriam
