1556 2683
280 224 354 260 166
561 217 635 255 DE
677 215 859 254 BELLO
902 215 1146 253 GALLICO

275 325 437 370 Tamen,
458 322 562 374 quod
577 320 754 358 instituto
776 318 949 357 Caesaris
963 319 1060 357 duae
1081 330 1233 368 semper
1252 316 1426 368 legiones

273 399 344 436 pro
360 385 494 424 castris
513 383 774 426 excubabant,
794 380 1001 431 pluresque
1020 379 1169 430 partitis
1189 379 1426 429 temporibus

274 455 386 485 erant
405 447 443 483 in
464 457 596 496 opere,
617 443 796 480 celeriter
814 440 958 478 factum
978 448 1049 486 est,
1070 447 1112 477 ut
1131 440 1193 477 alii
1214 439 1427 489 eruptioni-

273 509 345 546 bus
366 508 602 550 resisterent,
636 503 698 541 alii
731 510 856 540 turres
888 501 1134 547 reducerent,
1167 513 1428 552 aggeremque

275 568 616 610 interscinderent,
647 564 770 602 onmis
795 575 886 600 vero
915 575 965 600 ex
992 562 1127 600 castris
1153 561 1360 600 multitudo
1380 561 1429 599 ad

277 629 596 681 restinguendum
617 632 880 664 concurreret.

325 691 452 731 XXV.
508 692 636 732 Quum
656 688 694 724 in
716 686 891 724 omnibus
910 686 1019 731 locis,
1033 693 1236 724 consumta
1243 686 1323 735 jam
1338 685 1427 723 reli-

274 767 349 805 qua
384 758 494 803 parte
532 749 671 794 noctis,
701 754 952 798 pugnaretur,
983 759 1210 797 semperque
1247 746 1423 783 hostibus

274 828 362 865 spes
382 812 568 850 victoriae
581 811 924 860 redintegraretur,
939 821 985 845 eo
1001 808 1135 858 magiS‚
1153 807 1255 858 quod
1272 807 1430 844 deustos

270 877 423 927 pluteos
443 873 605 911 turrium
625 871 823 916 videbant,
856 882 929 907 nec
950 869 1061 907 facile
1080 869 1186 906 adire
1206 875 1361 919 apertos
1380 869 1429 906 ad

272 935 536 974 auxiliandum
557 932 930 977 animadvertebant,
954 942 1183 980 semperque
1208 929 1279 980 ipsi
1295 942 1430 967 recen-

273 1006 332 1035 tes
352 996 512 1034 defessis
533 994 803 1038 succederent,
835 1004 1064 1042 omnemque
1084 992 1235 1029 Galliae
1268 991 1430 1029 salutem

272 1059 312 1096 in
329 1059 392 1096 illo
409 1057 573 1107 vestigio
588 1054 771 1106 temporis
787 1054 949 1104 positam
963 1053 1258 1096 arbitrarentur;
1273 1052 1430 1099 accidit,

275 1119 581 1171 inspectantibus
607 1116 730 1161 nobis,
763 1115 880 1166 quod,
907 1115 1065 1166 dignum
1086 1115 1273 1153 memoria
1290 1116 1427 1161 visum,

272 1179 661 1233 praetermittendum
680 1191 759 1215 non
774 1177 1089 1214 existimavimus.
1157 1176 1323 1218 Quidam
1336 1184 1428 1214 ante

272 1251 426 1294 portam
458 1240 589 1292 oppidi
623 1239 773 1284 Gallus,
808 1238 873 1289 qui
903 1251 972 1288 per
989 1251 1125 1275 manus
1157 1237 1236 1274 sevi
1255 1250 1301 1275 ac
1332 1237 1431 1288 picis

272 1304 432 1341 traditas
457 1303 589 1352 glebas
609 1302 647 1337 in
668 1301 797 1350 ignem
818 1312 839 1336 e
865 1299 1025 1349 regione
1045 1300 1160 1336 turris
1186 1299 1431 1349 projiciebat,

272 1365 477 1415 scorpione
492 1363 538 1400 ab
551 1362 673 1400 latere
687 1361 826 1398 dextro
840 1361 1085 1410 transjectus,
1095 1360 1431 1411 exanimatusque,

271 1426 462 1464 concidit:
492 1425 596 1461 hunc
616 1436 665 1460 ex
684 1422 871 1473 proximis
886 1434 985 1459 unus
999 1423 1196 1471 jacentem
1211 1428 1426 1472 transgres-

272 1500 351 1532 sus,
378 1486 516 1524 eodem
541 1485 605 1522 illo
632 1495 791 1522 munere
822 1483 1083 1533 fungebatur:
1115 1482 1251 1519 eadem
1279 1482 1430 1519 ratione

271 1549 353 1586 ictu
372 1546 585 1598 scorpionis
605 1544 825 1583 exanimato
846 1544 982 1589 altero,
1003 1544 1190 1581 successit
1213 1543 1363 1589 tertius,
1389 1550 1429 1580 et

272 1609 387 1645 tertio
408 1614 585 1658 quartus;
605 1618 679 1644 nec
694 1605 798 1656 prius
814 1605 877 1642 ille
890 1613 949 1642 est
962 1618 984 1642 a
998 1604 1352 1656 propugnatoribus
1366 1617 1431 1642 va-

271 1682 367 1707 cuus
380 1668 537 1706 relictus
551 1667 674 1712 locus,
691 1679 819 1717 quam,
841 1666 1027 1704 restincto
1043 1679 1200 1717 aggere,
1216 1673 1332 1717 atque
1349 1679 1432 1703 om-

271 1730 311 1768 ni
330 1737 440 1782 parte
460 1728 646 1767 submotis
666 1728 855 1773 hostibus,
875 1727 961 1764 finis
981 1736 1038 1765 est
1058 1728 1255 1779 pugnandi
1274 1727 1414 1765 factus.

325 1791 473 1829 XXVI.
529 1789 671 1827 Omnia
690 1788 856 1839 experti,
877 1788 995 1834 Galli,
1017 1789 1121 1839 quod
1140 1801 1200 1827 res
1220 1789 1324 1826 nulla
1344 1801 1431 1826 suc-

272 1861 456 1898 cesserat,
493 1858 647 1902 postero
668 1850 730 1887 die
757 1850 959 1887 consilium
986 1857 1175 1901 ceperunt
1204 1863 1253 1887 ex
1288 1850 1431 1900 oppido

271 1914 495 1966 profugere,
530 1913 710 1949 hortante
730 1918 770 1948 et
799 1912 963 1961 jubente
989 1911 1326 1962 Vercingetorige.
1380 1911 1428 1949 Id

272 1975 426 2013 silentio
446 1974 571 2012 noctis
591 1972 734 2017 conati,
755 1985 831 2009 non
853 1985 992 2023 magna
1006 1974 1161 2022 jactura
1175 1985 1332 2010 suorum
1348 1985 1432 2010 sese

272 2036 478 2074 effecturos
498 2035 706 2086 sperabant
722 2049 730 2075 ;
749 2041 958 2083 propterea
976 2033 1080 2084 quod
1099 2045 1225 2083 neque
1245 2032 1362 2082 longe
1382 2033 1430 2070 ab

272 2096 416 2148 oppido
434 2103 561 2134 castra
574 2094 906 2145 Vercingetorigis
921 2095 1095 2140 aberant,
1116 2101 1155 2131 et
1170 2093 1278 2144 palus
1296 2105 1432 2144 perpe-

271 2166 351 2204 tua,
390 2171 488 2209 quae
520 2155 802 2200 intercedebat,
836 2156 1031 2193 Romanos
1063 2156 1112 2193 ad
1143 2155 1426 2206 insequendum

271 2219 462 2258 tardabat.
539 2218 706 2267 Jamque
745 2215 821 2254 hoc
859 2216 987 2254 facere
1024 2222 1142 2253 noctu
1180 2215 1431 2266 apparabant,

272 2293 390 2330 quum
422 2277 733 2317 matresfamiliae
764 2285 927 2329 repente
947 2278 984 2315 in
1004 2277 1203 2329 publicum
1228 2288 1432 2329 procurre-
