1556 2683
266 227 336 262 148
545 224 620 262 DE
662 225 841 263 BELLO
882 225 1126 264 GALLICO

264 327 438 365 sustinet.
493 328 866 366 Circumfunduntur
886 342 935 366 ex
956 328 1113 380 reliquis
1141 329 1270 366 hostes
1295 330 1414 378 parti-

260 388 346 434 bus,
365 389 397 425 si
417 402 531 439 quem
554 389 699 426 aditum
720 390 890 440 reperire
909 397 1078 440 possent.
1134 390 1265 439 Aegre
1286 397 1415 440 portas

262 450 382 487 nostri
410 457 579 495 tuentur,
612 451 780 501 reliquos
799 451 924 488 aditus
953 451 1060 488 locus
1081 451 1160 501 ipse
1180 463 1250 500 per
1269 463 1310 487 se
1332 463 1417 486 mu=

260 510 435 561 nitioque
456 511 644 548 defendit.
700 511 809 549 Totis
829 511 1045 562 trepidatur
1064 511 1212 557 castris,
1241 517 1358 561 atque
1379 523 1418 547 a·

262 572 337 609 lius
357 585 406 609 ex
423 572 497 609 alio
511 586 683 610 caussam
700 573 887 610 tumultus
902 573 1051 623 quaerit
1067 588 1076 610 :
1096 585 1222 623 neque
1244 585 1320 622 quo
1339 572 1416 621 sig-

262 646 312 670 na
343 632 530 678 ferantur,
561 647 686 684 neque
707 646 821 684 quam
842 634 878 670 in
899 640 1049 684 partem
1081 634 1244 684 quisque
1276 645 1418 670 conve-

259 694 355 739 niat,
376 694 592 744 provident.
648 695 761 731 Alius
781 703 894 745 capta
909 696 989 744 jam
1010 701 1135 732 castra
1153 693 1413 744 pronunciat;

260 755 371 800 alius,
391 755 519 792 deleto
539 755 715 792 exercitu
734 762 851 805 atque
867 756 1112 805 imperatore,
1140 756 1308 792 victores
1327 755 1415 791 bar-

261 817 375 854 baros
394 816 542 853 venisse
563 816 787 853 contendit:
816 816 989 866 plerique
1008 829 1127 853 novas
1154 816 1225 852 sibi
1254 829 1303 853 ex
1330 816 1417 854 loco

261 877 468 927 religiones
487 878 652 927 fingunt,
682 878 899 927 Cottaeque
926 884 966 914 et
986 877 1126 913 Titurii
1145 876 1418 921 calamitatem,

262 938 327 989 qui
348 939 386 975 in
406 938 544 976 eodem
564 938 777 976 occiderint
798 930 1081 983 castello,'ante
1102 938 1235 976 oculos
1255 945 1418 988 ponunt.

264 1000 351 1037 Tali
383 1000 521 1037 timore
555 1001 732 1037 omnibus
751 1000 978 1050 perterritis,
1008 999 1257 1036 confirmatur
1289 997 1421 1049 opinio

263 1061 450 1106 barbaris,
481 1067 524 1098 ut
543 1074 592 1097 ex
613 1060 765 1112 captivo
799 1060 1014 1106 audierant,
1045 1061 1192 1097 nullum
1212 1073 1295 1097 esse
1319 1060 1422 1096 intus

263 1122 511 1173 praesidium.
550 1122 806 1171 Perrumpere
834 1122 1024 1167 nituntur,
1051 1134 1169 1171 seque
1191 1121 1260 1170 ipsi
1281 1120 1422 1158 adhor-

265 1190 410 1228 tantur,
430 1195 478 1219 ne
498 1189 644 1219 tantam
660 1182 855 1219 f01tunam
871 1195 921 1218 ex
937 1183 1112 1219 manibus
1133 1182 1341 1219 dimittant.

317 1242 544 1279 XXXVIII.
601 1242 694 1279 Erat
731 1256 848 1291 aeger
885 1243 922 1279 in
955 1243 1144 1293 praesidio
1182 1243 1339 1280 relictus
1374 1242 1419 1279 P.

269 1304 428 1341 Sextius
446 1303 627 1347 Baculus,
644 1302 708 1352 qui
728 1302 891 1352 primum
908 1303 1028 1352 pilum
1042 1303 1091 1339 ad
1106 1303 1310 1340 Caesarem
1325 1302 1423 1339 dux-

268 1371 367 1408 erat,
401 1365 510 1413 cujus
530 1362 766 1400 mentionem
786 1363 1046 1413 superioribus
1066 1363 1220 1414 proeliis
1247 1363 1425 1409 fecimus,

267 1437 314 1462 ac
334 1424 434 1461 diem
451 1425 530 1474 jam
552 1436 578 1460 v
599 1423 686 1460 cibo
720 1430 908 1461 caruerat.
964 1424 1057 1470 Hic,
1091 1424 1233 1461 diffisus
1253 1437 1345 1462 suae
1365 1433 1423 1462 at-

269 1497 344 1535 que
377 1483 547 1520 omnium
578 1483 706 1529 saluti,
731 1484 885 1521 inermis
912 1497 960 1522 ex
990 1485 1240 1522 tabernaculo
1271 1485 1425 1535 prodit:

267 1545 376 1582 videt
395 1545 596 1581 imminere
616 1545 761 1590 hostes,
781 1552 897 1596 atque
918 1546 956 1582 in
977 1559 1124 1584 summo
1144 1559 1223 1583 rem
1244 1559 1327 1584 esse
1349 1546 1425 1584 dis-

269 1606 430 1645 crimine
448 1621 456 1642 :
486 1606 589 1656 capit
609 1618 714 1642 arma
732 1618 753 1643 a
772 1606 972 1656 proximis,
1007 1614 1124 1657 atque
1144 1607 1181 1644 in
1203 1615 1315 1658 porta
1335 1621 1427 1645 con-

270 1667 381 1704 sistit.
425 1666 728 1716 Consequuntur
748 1666 851 1703 hunc
872 1667 1119 1705 centuriones
1137 1669 1220 1717 ejus
1241 1668 1427 1713 cohortis,

271 1741 369 1779 quae
390 1728 427 1764 in
448 1728 613 1764 statione
634 1735 738 1764 erat:
759 1727 966 1778 paullisper
998 1742 1073 1765 una
1104 1728 1291 1778 proelium
1312 1729 1426 1766 susti-

270 1797 378 1827 nent.
436 1788 635 1839 Relinquit
665 1788 814 1826 animus
836 1788 1028 1835 Sextium,
1057 1789 1236 1839 gravibus
1256 1791 1428 1840 acceptis

270 1850 517 1887 vulneribus:
539 1863 668 1900 aegre,
682 1862 751 1907 per
766 1863 901 1887 manus
917 1858 1078 1895 tractus,
1095 1858 1282 1888 servatur.
1338 1851 1428 1888 Hoc

272 1912 398 1962 spatio
417 1911 660 1962 interposito,
680 1911 818 1961 reliqui
837 1924 921 1948 sese
943 1912 1169 1949 confirmant
1189 1920 1354 1958 tantum,
1389 1921 1430 1951 ut

272 1974 312 2010 in
331 1973 608 2010 munitionibus
641 1973 852 2010 consistere
879 1972 1060 2019 audeant,
1089 1972 1337 2024 speciemque
1365 1973 1431 2011 de-

273 2035 471 2073 fensorum
488 2034 710 2084 praebeant.

330 2096 519 2135 XXXIX.
572 2094 747 2140 Interim,
769 2095 949 2134 confecta
962 2095 1274 2142 frumentatione,
1290 2097 1430 2135 milites

275 2159 395 2197 nostri
442 2158 650 2195 clamorem
687 2157 926 2200 exaudiunt3
962 2164 1217 2207 praecurrunt
1251 2158 1400 2208 equites
1422 2174 1432 2202 ;

277 2226 423 2271 quanto
457 2219 504 2255 sit
536 2230 596 2254 res
619 2217 654 2253 in
688 2217 876 2267 periculo,
918 2225 1174 2268 cognoscunt.
1222 2217 1300 2255 Hic
1339 2231 1431 2255 vero

277 2280 381 2325 nulla
404 2278 567 2317 munitio
604 2285 674 2323 est,
710 2291 807 2328 quae
840 2279 1067 2328 perterritos
1099 2280 1285 2331 recipiat:
1316 2279 1434 2321 modo
