1556 2683
575 194 741 233 LIBER
794 196 884 233 VII.
1230 201 1299 238 195

154 294 282 347 digitis
302 309 348 333 ιν
367 310 416 335 ex
435 304 537 334 terra
555 299 792 337 eminerent:
831 300 957 346 simul,
978 300 1228 339 confirmandi
1257 309 1297 340 et

153 357 371 395 stabiliendi
398 371 546 404 caussa,
574 360 713 410 singuli
733 361 780 398 ab
800 361 930 398 infimo
954 361 1037 398 solo
1062 361 1180 412 pedes
1200 369 1303 399 terra

151 419 477 456 exculcabantur:
507 420 653 471 reliqua
685 434 771 472 pars
798 421 944 459 scrobis
973 422 1022 459 ad
1052 421 1301 460 occultandas

154 479 308 517 insidias
323 480 525 518 viminibus
540 494 584 519 ac
601 482 774 532 virgultis
791 483 1047 533 integebatur.
1087 483 1214 533 Hujus
1233 495 1301 533 ge-

152 541 255 578 neris
270 541 402 579 octoni
421 542 573 579 ordines
592 542 699 580 ducti
721 551 850 581 ternos
869 544 969 581 inter
983 556 1024 581 se
1043 544 1162 594 pedes
1183 544 1300 582 dista·

150 601 256 639 bant.
302 601 348 638 Id
377 615 427 640 ex
459 603 706 641 similitudine
735 605 840 642 floris
870 604 1012 642 Lilium
1042 605 1301 656 appellabant.

151 663 258 700 Ante
278 663 374 701 haec
391 663 513 701 taleae
533 665 670 714 pedem
689 665 842 715 longae,
870 666 1005 704 ferreis
1019 666 1140 703 hamis
1160 666 1303 712 infixis,

150 730 256 762 totae
291 725 328 761 in
348 733 489 762 terram
510 725 809 772 infodiebantur,
830 726 1163 777 mediocribusque
1184 727 1300 764 inter-

150 785 274 823 missis
299 786 443 836 spatiis‚
473 786 648 823 omnibus
672 786 766 824 locis
785 786 1082 834 disserebantur,
1111 800 1206 838 quos
1227 787 1301 825 Sti-

151 847 274 884 mulos
299 847 560 885 nominabant.

199 907 383 945 LXXIV.
455 908 527 946 His
559 909 673 946 rebus
703 910 899 960 perfectis,
933 910 1110 960 reglones
1126 918 1297 957 secutuS,

147 981 263 1020 quam
282 968 422 1019 potuit,
450 969 695 1020 aequissimas
715 983 784 1021 pro
804 971 880 1008 loci
900 979 1049 1016 natura,
1086 983 1159 1008 xlv
1183 972 1298 1010 .nillia
1336 1016 1341 1021 .

147 1042 328 1082 passuum
349 1030 589 1080 complexuS,
617 1043 729 1080 pares
754 1031 926 1080 ejusdem
946 1032 1098 1081 generis
1118 1031 1300 1069 munitio*

148 1103 232 1136 nes,
252 1090 419 1128 diversas
438 1090 486 1127 ab
507 1090 579 1137 his,
599 1098 733 1128 contra
752 1092 985 1130 exteriorem
1005 1092 1154 1129 hostem
1174 1091 1302 1142 perfe-

149 1153 218 1199 cit,
239 1161 296 1199 ut,
328 1165 377 1189 ne
397 1165 535 1202 magna
555 1152 709 1202 quidem
731 1152 991 1199 multitudine,
1011 1153 1041 1190 si
1062 1153 1116 1190 ita
1133 1152 1299 1199 accidat,

147 1216 230 1264 ejus
250 1214 436 1259 discessu,
456 1213 712 1250 munitionum
727 1213 918 1263 praesidia
937 1213 1195 1251 circumfundi
1215 1226 1302 1264 pos-

147 1285 256 1313 sent:
294 1288 371 1313 neu
400 1287 486 1311 cum
506 1273 678 1324 periculo
698 1286 747 1311 ex
768 1273 900 1311 castris
934 1274 1065 1324 egredi
1098 1280 1302 1325 cogantur,

145 1336 294 1374 dierum
326 1349 411 1373 xxx
441 1334 623 1386 pabulum
653 1335 965 1386 frumentumque
994 1335 1136 1373 habere
1169 1347 1302 1372 omnes

147 1404 379 1434 convectum
394 1397 519 1447 jubet.

198 1457 361 1495 LXXV.
415 1457 520 1494 Dum
554 1457 650 1495 haec
670 1457 718 1494 ad
740 1457 909 1494 Alesiam
942 1464 1144 1508 geruntur,
1182 1455 1301 1502 Galli,

147 1517 314 1557 conciHO
334 1517 550 1568 principum
564 1517 724 1562 indicto,
745 1530 821 1554 non
836 1530 982 1562 omnes,
1002 1517 1066 1567 qui
1083 1528 1187 1554 arma
1199 1515 1303 1553 ferre

149 1587 320 1630 possent,
353 1586 394 1616 ut
414 1578 564 1616 censuit
594 1577 908 1627 Vercingetorix,
927 1577 1197 1615 convocandos
1224 1584 1302 1614 sta-

148 1647 277 1686 tuunt,
300 1640 369 1678 sed
388 1647 537 1678 certum
557 1651 760 1676 numerum
781 1638 922 1689 cuique
941 1637 1086 1676 civitati
1106 1638 1300 1689 imperan-

145 1701 265 1744 dum:
303 1714 366 1747 ne,
398 1708 507 1738 tanta
525 1699 772 1737 multitudine
792 1699 963 1745 confusa,
994 1712 1069 1737 nec
1094 1699 1301 1746 moderari,

145 1775 220 1801 nec
239 1762 458 1800 discernere
478 1774 582 1806 suos,
601 1774 674 1799 nec
692 1759 953 1797 frumentandi
973 1760 1161 1798 rationem
1182 1760 1300 1798 habe·

146 1837 203 1871 re,
222 1830 393 1875 possent.
443 1823 642 1873 Imperant
663 1821 825 1867 Aeduis,
851 1828 967 1872 atque
987 1834 1120 1859 eorum
1150 1822 1301 1859 clienti-

145 1885 233 1930 bus,
269 1884 504 1935 Segusiauis,
533 1883 807 1928 Ambivaretis,
839 1882 1017 1920 Aulercis
1052 1882 1301 1920 Braunovici-

148 1946 237 1992 bus,
267 1944 508 1991 Brannoviis,
539 1944 658 1982 millia
676 1958 783 1981 xxxv
804 1960 814 1987 ς
852 1956 983 1995 parem
1002 1957 1202 1981 numerum
1226 1944 1301 1981 Ar·

147 2006 290 2052 vernis,
309 2006 502 2056 adjunctis
520 2005 739 2043 Eleutheris
753 2005 954 2050 Cadurcis,
969 2004 1141 2051 Gabahs,
1159 2004 1301 2043 Velau-

146 2068 220 2114 nis,
236 2068 301 2119 qui
317 2069 388 2105 sub
402 2067 561 2119 imperio
579 2068 842 2104 Arvernorum
859 2079 941 2104 esse
956 2068 1210 2110 consuerunt;
1231 2067 1301 2104 Se-

149 2130 328 2174 mnibus,
350 2129 551 2180 Sequanis,
572 2128 823 2179 Biturigibus.
892 2128 1086 2174 Santonis,
1120 2127 1299 2175 Rutenis,

149 2190 384 2229 Carnutibus
403 2190 582 2228 duodena
592 2189 731 2232 millia:
755 2189 968 2227 Bellovacis
984 2202 1026 2231 x:
1046 2188 1205 2227 totidem
1221 2189 1298 2227 Le-

151 2251 381 2299 movicibus;
400 2259 542 2292 octona
557 2251 796 2298 Pictonibus,
816 2258 855 2289 et
875 2250 1055 2298 Turonis,
1074 2258 1113 2289 et
1132 2250 1300 2297 Parisiis,
