1556 2683
280 199 328 235 86
585 195 659 233 DE
701 195 880 232 BELLO
919 193 1163 233 GALLICO

277 300 414 345 secuti,
439 307 588 338 nostros
607 299 766 336 navibus
784 299 914 348 egredi
935 298 1204 349 prohibebant.
1256 295 1349 334 Erat
1369 296 1417 334 ob

276 361 345 398 has
383 373 536 398 caussas
565 373 712 397 summa
744 359 957 404 difficultas,
989 359 1093 409 quod
1122 369 1236 395 naves
1263 365 1420 407 propter

276 422 593 471 magnitudinem,
630 421 701 457 nisi
721 421 759 457 in
790 420 881 465 alto,
915 419 1094 458 constitui
1122 432 1199 457 non
1220 425 1420 469 poterant:

275 483 457 520 militibus
494 491 636 527 autem,
684 481 824 531 ignotis
856 481 963 526 locis,
1004 480 1197 531 impeditis
1234 479 1421 524 manibus,

276 557 415 593 magno
436 551 474 581 et
493 544 598 593 gravi
618 556 808 580 armorum
830 555 947 579 onere
964 542 1167 592 oppressis,
1187 540 1352 578 simulet
1371 540 1419 576 de

276 606 433 643 navibus
454 604 720 648 desiliendum,
749 612 788 640 et
808 604 845 640 in
866 603 1048 641 fluctibus
1065 602 1365 646 consistendum,
1384 607 1424 638 et

279 680 367 704 cum
395 666 568 703 hostibus
599 672 681 702 erat
705 665 976 715 pugnandum3
1013 677 1129 714 quum
1149 663 1203 699 illi
1233 670 1298 701 aut
1317 676 1367 700 ex
1385 675 1425 699 a·

277 727 376 773 rido,
414 735 480 764 aut
517 726 726 777 paullulum
765 727 801 761 in
830 738 966 776 aquam
1003 725 1207 776 progressi,
1244 725 1420 763 omnibus

280 789 461 826 membris
481 788 666 838 expediti,
687 787 891 824 notissimis
909 787 1015 832 locis,
1035 787 1217 824 audacter
1237 787 1315 824 tela
1331 799 1421 824 con-

275 850 456 898 jicerent,
477 857 516 886 et
535 862 654 899 equos
674 848 906 885 insuefactos
925 847 1142 885 incitarent.
1196 847 1344 888 Quibus
1364 859 1424 884 re-

280 911 351 947 bus
372 910 490 946 nostri
506 909 711 959 perterriti,
731 916 846 959 atque
863 909 976 958 hujus
992 907 1145 945 omnino
1160 908 1312 957 generis
1327 921 1424 957 pug-

279 983 352 1008 nae
374 969 552 1019 imperiti,
579 983 653 1007 non
675 982 807 1006 omnes
827 969 959 1007 eadem
980 968 1191 1014 alacritate,
1220 980 1266 1005 ac
1285 967 1426 1012 studio,

281 1045 356 1081 quo
377 1031 414 1068 in
434 1030 673 1081 pedestribus
692 1031 747 1067 uti
767 1030 920 1080 proeliis
940 1036 1231 1074 consueverant,
1263 1029 1424 1066 uteban-

282 1100 356 1129 tur.

334 1153 460 1191 XXV.
515 1154 630 1196 Quod
648 1154 713 1190 ubi
734 1153 874 1190 Cacsar
893 1152 1174 1198 animadvertit,
1210 1164 1326 1189 naves
1344 1151 1426 1188 lon-

280 1228 362 1265 gae,
393 1228 552 1265 quarum
583 1223 622 1252 et
640 1214 787 1265 species
807 1221 888 1251 erat
921 1214 1091 1251 barbaris
1124 1213 1355 1258 inusitatior,
1388 1218 1426 1249 et

282 1284 408 1313 motus
427 1276 475 1312 ad
495 1288 604 1312 usum
620 1274 850 1325 expeditior,
871 1275 1040 1325 paullum
1060 1274 1247 1312 removeri
1267 1274 1314 1311 ab
1335 1286 1427 1311 one-

285 1337 392 1374 rariis
418 1337 590 1382 navibus,
620 1343 660 1373 et
678 1336 790 1373 remis
811 1336 974 1381 incitari,
1012 1343 1051 1373 et
1070 1336 1119 1373 ad
1137 1336 1236 1373 latus
1255 1343 1431 1385 apertum

282 1397 450 1435 hostium
471 1397 667 1443 constitui,
687 1404 801 1448 atque
814 1398 902 1434 inde
921 1397 1064 1443 fundis,
1079 1397 1240 1447 sagittis,
1261 1403 1429 1433 tormen-

286 1458 349 1503 tis,
367 1458 498 1496 hostes
517 1458 678 1509 propelli
697 1471 743 1495 ac
759 1458 973 1496 submoveri
988 1458 1118 1508 jussit:
1139 1470 1236 1508 quae
1251 1470 1312 1495 res
1324 1469 1431 1506 mag-

281 1532 332 1557 no
349 1519 432 1556 usui
452 1520 590 1557 nostris
609 1520 693 1557 fuit.
726 1532 827 1565 nam,
848 1527 887 1557 et
906 1519 1059 1557 navium
1079 1519 1215 1570 figura,
1249 1526 1287 1556 et
1306 1530 1430 1555 remo-

282 1594 368 1617 rum
387 1588 508 1626 motu,
532 1588 570 1618 et
592 1580 771 1617 inusitato
793 1593 936 1630 genere
955 1587 1233 1618 tormentorum
1253 1579 1432 1630 permoti,

285 1642 436 1680 barbari
457 1641 726 1687 constiterunt,
746 1655 790 1679 ac
810 1642 977 1692 paullum
997 1642 1112 1679 modo
1131 1642 1267 1693 pedem
1289 1642 1431 1678 retule-

286 1710 389 1740 runt.
437 1703 581 1753 Atque,
603 1702 740 1740 nostris
759 1703 942 1740 militibus
961 1703 1245 1747 cunctantibus,
1264 1702 1432 1740 maxime

285 1771 443 1814 propter
462 1764 703 1801 altitudinem
723 1764 859 1807 maris;
890 1765 953 1815 qui
973 1777 998 1800 x
1017 1764 1178 1814 legionis
1197 1764 1361 1814 aquilam
1378 1763 1436 1800 fe-

287 1827 410 1870 rebat,
431 1833 668 1863 contestatus
685 1826 790 1871 deos,
811 1832 853 1862 ut
872 1838 917 1862 ea
931 1839 992 1862 res
1007 1825 1148 1875 legioni
1168 1825 1332 1862 feliciter
1345 1837 1431 1862 eve-

288 1886 407 1922 niret:
445 1885 622 1929 Desilite,
643 1885 780 1935 inquit,
796 1886 1088 1930 commilitones,
1108 1885 1179 1923 nisi
1193 1885 1306 1922 vultis
1325 1885 1431 1935 aqui-

289 1946 362 1984 lam
383 1947 555 1984 hostibus
570 1947 746 1996 prodere.
775 1959 847 1996 ego
864 1955 969 1984 certe
983 1960 1111 1984 meum
1124 1946 1359 1996 reipublicae
1375 1952 1431 1984 at·

290 2021 365 2058 quc
386 2008 606 2059 imperatori
626 2007 790 2045 officium
806 2008 1044 2058 praestitero.
1082 2008 1172 2045 Hoc
1193 2021 1306 2058 quum
1329 2020 1433 2057 mag-

287 2082 337 2106 na
355 2082 451 2106 voce
471 2068 644 2112 dixisset,
673 2082 722 2106 ex
742 2069 827 2106 navi
848 2081 887 2106 sc
903 2069 1078 2120 projecit,
1112 2077 1227 2120 atque
1247 2069 1285 2105 in
1305 2069 1433 2106 hostes

290 2130 455 2180 aquilam
475 2129 576 2166 ferre
598 2129 737 2180 coepit.
783 2130 881 2166 Tum
902 2131 1035 2175 nostri,
1056 2129 1248 2167 cohortati
1268 2130 1367 2167 inter
1382 2142 1437 2174 se,

289 2203 338 2227 ne
379 2198 525 2228 tantum
556 2190 724 2227 dedecus
756 2190 1036 2236 admitteretur,
1074 2190 1236 2228 universi
1267 2203 1317 2227 ex
1350 2190 1438 2228 navi

291 2251 545 2293 desiluerunt:
562 2251 631 2288 hos
645 2251 735 2288 item
749 2264 796 2289 ex
811 2251 994 2301 proximis
1010 2251 1139 2302 primis
1151 2251 1309 2289 navibus
1322 2263 1440 2302 quum
