1556 2683
530 240 695 280 LIBER
749 241 817 279 VI.
1181 244 1252 280 143

107 345 146 383 in
166 345 299 385 castriS
317 344 533 397 prohibeat,
554 358 603 383 ne
623 358 699 396 qua
712 347 795 395 ejus
814 344 1001 382 adventus
1021 344 1156 394 procul
1177 344 1253 394 sig-

106 406 276 445 nificatio
290 406 380 444 fiat:
408 419 490 445 sese
510 407 712 445 confestim
730 405 911 456 subsequi
931 406 1038 443 dicit.

162 467 288 504 XXX.
342 468 505 514 Basilus,
525 476 568 506 ut
586 468 812 519 imperatum
829 475 900 513 est,
915 467 1034 511 facit;
1063 467 1254 512 celeriter,

105 535 317 580 contraque
336 530 505 567 omnium
525 530 757 580 opinionem,
778 529 959 567 confecto
979 528 1130 574 itinere,
1159 529 1258 565 mul-

105 596 165 626 tos
197 589 235 626 in
255 590 356 638 agris
376 590 617 640 inopinantes
637 589 917 641 deprehendit:
953 602 1085 626 eorum
1112 588 1256 626 indicio

104 649 154 686 ad
182 649 305 700 ipsum
337 651 602 701 Ambiorigem
623 650 837 696 contendit,
871 663 947 701 quo
981 650 1019 686 in
1051 649 1137 687 loco
1169 662 1258 686 cum

103 711 237 761 paucis
259 711 451 762 equitibus
485 725 566 750 esse
599 712 812 750 dicebatur.
863 711 1048 757 Multum,
1069 724 1186 762 quum
1216 710 1255 747 in

106 772 282 810 omnibus
316 772 443 819 rebus,
481 781 562 811 tum
596 773 633 810 in
666 786 708 810 re
744 772 899 810 militari
929 779 1058 823 potest
1092 771 1259 808 fortuna.

106 831 222 879 Nam,
241 833 341 871 sicut
360 846 499 885 magno
519 834 661 872 accidit
691 847 796 880 casn,
830 842 872 872 ut
902 834 941 871 in
974 834 1098 884 ipsum
1126 832 1259 870 incau-

105 900 187 932 tum
207 901 322 945 atque
342 895 456 933 etiam
477 895 704 947 imparatum
731 895 933 941 incideret,
965 895 1147 946 priusque
1176 895 1259 944 ejus

104 955 292 993 adventus
311 957 358 994 ab
377 957 595 995 hominibus
613 957 821 1002 videretur,
842 969 954 1007 quarn
974 956 1075 993 fama
1095 968 1141 993 ac
1160 969 1258 992 nun—

104 1017 174 1055 ciis
192 1017 430 1056 adferretur:
467 1019 522 1057 sic
541 1031 702 1070 magnae
722 1018 795 1055 fuit
812 1018 1003 1063 fortunae,
1032 1017 1135 1055 omni
1155 1017 1254 1054 mili-

103 1077 177 1115 tari
205 1078 474 1126 instrumento,
512 1080 615 1131 quod
656 1079 802 1116 circum
835 1091 876 1116 se
901 1078 1081 1124 habebat,
1108 1085 1258 1128 erepto,

104 1138 234 1177 rhedis
249 1140 433 1191 equisque
451 1141 749 1192 comprehensis‚
759 1141 882 1191 ipsum
895 1139 1064 1190 effugere
1080 1146 1256 1176 mortem.

106 1198 185 1237 Sed
203 1200 277 1238 hoc
297 1213 344 1238 eo
362 1201 507 1239 factum
527 1209 599 1247 est,
619 1202 736 1253 quod,
750 1201 924 1239 aedificio
939 1200 1176 1238 circumdato
1192 1200 1256 1237 sil-

104 1272 165 1307 va,
195 1268 237 1298 ut
257 1268 346 1298 sunt
361 1261 443 1300 fere
463 1262 656 1300 domicilia
676 1262 892 1307 Gallorum,
913 1261 992 1313 qui,
1011 1261 1156 1299 vitandi
1171 1274 1254 1299 aes-

103 1327 164 1359 tus
192 1334 339 1368 caussa,
368 1323 594 1374 plerumque
613 1323 792 1361 silvarum
821 1336 866 1361 ac
885 1323 1085 1360 fluminum
1113 1329 1252 1374 petunt

105 1382 427 1433 propinquitates,
459 1384 619 1422 comites
637 1384 921 1435 familiaresque
938 1386 1019 1434 ejus
1039 1392 1201 1434 angusto
1221 1385 1259 1421 in

101 1443 191 1481 loco
217 1444 424 1496 paullisper
443 1446 616 1496 equitum
648 1454 865 1484 nostrorum
885 1446 960 1482 vim
980 1446 1257 1483 sustinuerunt.

102 1503 180 1541 His
213 1506 486 1556 pugnantibus,
506 1507 613 1544 illum
633 1507 671 1544 in
690 1520 832 1558 equum
853 1507 1009 1558 quidam
1029 1520 1078 1544 ex
1104 1507 1181 1544 suis
1200 1507 1258 1543 in·

102 1566 215 1603 tulit:
243 1566 459 1617 fugientem
479 1568 595 1606 silvae
614 1575 810 1606 texerunt.
878 1567 942 1605 Sic
963 1575 1002 1605 et
1021 1568 1070 1605 ad
1088 1568 1256 1605 subeun-

103 1626 195 1665 dum
215 1628 443 1679 periculum,
475 1636 515 1667 et
531 1629 579 1667 ad
597 1629 809 1675 vitandum,
835 1629 998 1667 multum
1023 1628 1179 1666 fortuna
1195 1642 1260 1667 va-

102 1688 192 1726 luit.

157 1750 308 1788 XXXI.
362 1752 568 1791 Ambiorix
589 1753 719 1804 copias
751 1767 838 1791 suas
853 1754 1052 1804 judicione
1071 1767 1149 1791 non
1169 1766 1259 1791 con-

103 1811 274 1859 duxerit,
303 1814 408 1864 quod
436 1815 584 1865 proelio
609 1814 870 1853 dimicandum
902 1829 979 1852 non
1013 1814 1257 1860 existimarit,

102 1885 152 1911 an
172 1881 348 1925 tempore
368 1875 563 1921 exclusus,
592 1883 632 1913 et
659 1877 863 1927 repentino
891 1876 1064 1927 equitum
1091 1876 1258 1913 adventu

101 1935 332 1986 prohibituS,
346 1949 464 1987 quum
483 1937 673 1988 reliquum
689 1937 907 1975 exercitum
922 1937 1106 1988 subsequi
1122 1937 1257 1975 crede-

103 2004 177 2042 ret,
210 1997 370 2035 dubium
390 2005 460 2035 est.
487 1998 556 2036 sed
575 2006 696 2045 certe,
729 1999 827 2036 clam
857 1999 1018 2036 dimissis
1046 2012 1114 2049 per
1143 2012 1258 2049 agros

105 2059 271 2105 nunciis,
291 2058 363 2096 sibi
382 2072 575 2110 quemque
596 2060 798 2098 consulere
814 2060 950 2110 jussit:
979 2073 1142 2111 quorum
1169 2073 1256 2110 pars

105 2120 146 2158 in
179 2121 433 2160 Arduennam
466 2122 612 2167 silvam,
642 2135 728 2172 pars
759 2122 799 2159 in
827 2122 1071 2160 continentes
1099 2122 1260 2172 paludes

102 2182 298 2234 profugit:
328 2184 393 2234 qui
414 2183 579 2234 proximi
612 2183 815 2221 Oceanum
844 2183 1014 2229 fuerunt,
1048 2183 1106 2221 his
1125 2182 1258 2221 insulis

103 2257 188 2282 sese
220 2244 526 2290 occultaverunt,
555 2257 649 2296 quas
667 2252 796 2282 aestus
815 2244 965 2282 efficere
999 2246 1259 2283 consuerunt:

105 2305 232 2352 multi,
252 2319 301 2344 ex
320 2306 398 2344 suis
414 2306 554 2344 finibus
567 2306 729 2356 egressi,
745 2319 786 2344 se
805 2319 952 2357 suaque
965 2306 1093 2344 omnia
1111 2305 1262 2344 alienis-
