1556 2683
596 307 759 345 LIBER
813 306 845 344 Ι.
1261 308 1306 343 19

154 422 359 466 propterea
373 412 475 463 quod
489 424 534 450 eo
555 412 728 457 consilio,
742 408 1020 448 florentissimis
1035 408 1306 454 rebus,dom0s

157 487 243 511 suas
264 473 434 511 Helvetii
463 472 720 523 reliquissent,
753 471 806 508 uti
827 470 899 508 toti
919 469 1070 508 Galliae
1087 470 1231 507 bellum
1252 469 1307 505 in-

159 536 318 581 ferrent,
335 533 572 585 imperioque
587 533 816 584 potirentur,
831 532 1037 582 locumque
1054 531 1248 568 domicilio
1260 543 1309 568 ex

158 609 298 647 magna
326 595 438 646 copia
456 595 684 644 deligerent,
716 607 830 645 quem
864 606 914 630 ex
942 593 1046 631 omni
1087 591 1215 630 Gallia
1242 605 1310 642 op-

158 657 473 709 portunissimum
493 669 538 694 ac
569 655 912 693 fructuosissimum
940 654 1194 705 judiciissent,
1222 654 1309 691 reli-

159 730 330 770 quasque
362 717 536 755 civitates
563 716 829 767 stipendiarias
848 716 1046 753 haberent.
1094 715 1310 757 Petierunt,

158 781 214 818 uti
240 780 311 817 sibi
331 778 536 817 concilium
561 778 678 815 totius
699 777 847 815 Galliae
867 777 906 814 in
925 777 1027 815 diem
1047 784 1192 814 certam
1213 775 1311 812 indi-

159 856 261 888 cere,
291 842 406 892 idque
441 840 616 879 Caesaris
645 839 844 877 voluntate
868 838 1012 884 facere,
1043 838 1202 876 liceret:
1229 849 1313 876 sese

156 905 302 942 habere
332 902 516 953 quasdem
545 914 620 946 res,
650 913 744 951 quas
763 913 813 937 ex
834 900 1028 937 communi
1047 912 1238 938 consensu
1265 899 1313 936 ab

159 979 206 1003 eo
222 972 356 1016 petere
375 963 530 1000 vellent.
576 962 633 1000 Ea
647 974 689 999 re
704 961 902 1012 permissa,
916 961 1018 998 diem
1038 961 1204 998 concilio
1223 973 1315 998 con-

157 1027 378 1072 stituerunt,
395 1032 434 1063 et
445 1023 710 1075 jurejurando,
726 1036 774 1060 ne
790 1023 874 1073 quis
891 1022 1130 1068 enunciaret,
1143 1021 1216 1058 nisi
1232 1021 1315 1072 qui-

157 1090 229 1127 bus
248 1087 443 1127 communi
458 1085 619 1125 consilio
635 1084 857 1122 mandatum
873 1091 988 1130 esset,
1002 1083 1102 1121 inter
1120 1096 1162 1121 se
1177 1096 1316 1121 sanxe-

158 1157 260 1187 runt.

208 1209 356 1247 XXXI.
398 1208 456 1246 Eo
472 1208 640 1246 concilio
656 1207 826 1254 dimisso,
841 1207 956 1245 iidem
972 1207 1168 1258 principes
1182 1206 1315 1244 civita-

160 1280 257 1317 tum,
272 1270 338 1321 qui
354 1277 443 1307 ante
457 1269 611 1307 fuerant
626 1269 675 1306 ad
695 1269 913 1314 Caesarem,
929 1274 1183 1313 reverterunt,
1197 1267 1318 1318 petie-

163 1339 344 1382 runtque,
366 1330 421 1368 uti
441 1330 512 1367 sibi
527 1336 678 1368 secreto
704 1329 767 1379 [in
782 1330 963 1378 occulto]
982 1329 1030 1366 de
1045 1341 1115 1366 sua
1128 1328 1318 1365 omnium-

162 1406 236 1445 que
269 1392 393 1430 salute
413 1404 500 1429 cum
518 1404 565 1429 eo
593 1404 709 1442 agere
738 1391 886 1428 liceret.
941 1390 1000 1428 Ea
1029 1404 1071 1428 re
1100 1390 1318 1440 impetrata,

161 1467 244 1492 sese
264 1465 397 1491 omnes
413 1452 552 1489 flentes
568 1452 723 1490 Caesari
738 1452 787 1490 ad
801 1452 920 1503 pedes
934 1453 1182 1503 projecerunt
1197 1465 1207 1487 z
1228 1450 1319 1488 Non

161 1516 287 1553 minus
302 1527 343 1552 se
362 1513 401 1551 id
421 1513 671 1558 contendere,
692 1520 731 1551 et
742 1514 931 1559 laborare,
946 1525 995 1550 ne
1011 1525 1070 1559 ea,
1090 1525 1189 1564 quae
1202 1511 1319 1549 dixis·

161 1585 262 1623 sent,
282 1575 595 1621 enunciarentur,
614 1587 743 1626 quam,
762 1575 819 1612 uti
834 1588 893 1621 ea,
909 1587 1007 1625 quae
1021 1575 1180 1620 vellent,
1200 1574 1321 1624 impe-

162 1645 327 1676 trarent:
342 1644 549 1689 propterea
563 1636 680 1687 quod,
691 1636 723 1674 si
736 1636 985 1674 enunciaturn
1000 1644 1114 1683 esset,
1130 1648 1323 1674 summum

161 1700 201 1736 in
223 1699 437 1737 cruciatum
457 1711 497 1735 se
516 1705 700 1735 venturos
728 1698 918 1736 viderent.
970 1698 1144 1736 Locutus
1163 1704 1223 1735 est
1250 1710 1322 1747 pro

163 1762 224 1799 his
243 1761 460 1799 Divitiacus
480 1759 666 1798 Aeduus:
721 1759 871 1797 Galliae
891 1759 1009 1797 totius
1027 1758 1216 1797 factiones
1238 1771 1323 1797 esse

163 1823 280 1861 duas:
322 1822 459 1859 harum
490 1820 646 1859 alterius
677 1819 937 1871 principatum
978 1826 1111 1856 tenere
1146 1819 1322 1865 Aeduos,

162 1883 320 1922 alterius
340 1884 550 1919 Arvernos.
604 1881 660 1918 Hi
679 1895 798 1932 quum
826 1888 1029 1932 tantopere
1050 1880 1098 1917 de
1117 1886 1322 1931 potentatu

161 1946 263 1983 inter
282 1958 323 1983 se
341 1944 484 1981 multos
503 1955 624 1980 annos
643 1942 939 1987 contenderent,
968 1941 1118 1980 factum
1138 1954 1235 1987 esse,
1267 1942 1324 1978 uti

166 2008 213 2045 ab
235 2006 434 2051 Arvernis,
470 2004 748 2056 Sequanisque,
781 2003 966 2041 Germani
997 2002 1179 2041 mercede
1197 2015 1325 2040 arces-

165 2075 354 2105 serentur.
408 2067 563 2103 Horum
582 2065 704 2116 primo
724 2064 880 2103 circiter
906 2064 1025 2102 millia
1053 2075 1110 2101 xv
1140 2064 1324 2101 Rhenum

167 2130 366 2167 transisse:
407 2134 657 2179 posteaquam
685 2139 812 2177 agros,
845 2133 885 2164 et
918 2126 1080 2172 cultum,
1123 2133 1163 2163 et
1194 2126 1325 2176 copias

169 2190 385 2236 Gallorum,
404 2189 580 2227 homines
597 2188 669 2226 feri
688 2201 734 2226 ac
752 2187 907 2226 barbari
926 2188 1182 2235 adamassem,
1201 2196 1326 2226 trans-

168 2253 307 2290 ductos
326 2251 455 2303 plures
471 2265 481 2288 ε
500 2263 604 2288 nunc
623 2262 706 2288 esse
722 2249 760 2286 in
777 2249 906 2287 Gallia
923 2249 972 2287 ad
991 2260 1014 2286 c
1034 2256 1074 2287 et
1091 2261 1146 2286 xx
1164 2249 1324 2287 millium

169 2325 371 2350 numerum
387 2326 399 2350 ι
426 2325 515 2350 cum
533 2311 593 2349 his
619 2311 795 2357 Aeduos,
827 2323 1040 2362 eorumque
1059 2310 1233 2357 clientes,
1264 2323 1324 2348 se-

166 2374 244 2413 mel
266 2380 384 2426 atque
403 2375 542 2413 iterum
560 2372 674 2413 armis
693 2372 954 2421 contendisse,
973 2384 1152 2423 magnam
1170 2372 1324 2411 calami-
