1556 2683
248 260 326 297 224
542 257 617 294 DE
646 254 825 294 BELLO
854 255 1098 295 GALLICO

247 361 296 398 tis
316 359 524 406 obsidibus,
543 360 701 398 veniunt
719 360 759 396 in
777 359 1029 402 deditionem;
1050 364 1279 407 ceteraeque
1298 356 1390 395 civi-

246 429 345 459 tates
365 422 510 473 positae
530 422 567 458 in
587 421 730 458 ultimis
758 421 908 457 Galliae
927 419 1078 464 finibus,
1107 417 1275 462 Oceano,
1296 430 1389 454 con-

241 485 415 533 junctae,
436 495 534 533 quae
555 481 781 519 Armoricae
800 479 1056 530 appellantur,
1076 477 1306 516 auctoritate
1324 479 1392 515 ad-

245 544 385 582 ductae
406 543 634 587 Carnutum,
663 542 831 579 adventu
851 540 958 578 Fabii
976 540 1248 590 legionumque
1267 538 1388 588 impe-

245 611 328 642 rata
353 603 436 641 sine
455 616 562 640 mora
580 602 740 640 faciunt.
794 601 1034 646 Dumnacus,
1067 599 1143 637 suis
1163 598 1301 636 finibus
1320 611 1390 635 ex-

245 665 392 716 pulsus,
422 677 567 709 errans,
600 664 846 714 latitansque,
878 662 980 700 solus
1014 668 1206 698 extremas
1239 659 1390 698 Galliae

246 726 423 776 regiones
443 733 577 776 petere
597 732 656 762 est
676 732 847 763 coactus.

293 787 464 824 XXXII.
520 787 574 824 At
607 786 798 836 Drappes,
829 796 983 835 unaque
1015 782 1236 828 Lucterius,
1270 795 1389 832 quum

243 848 415 899 legiones
447 847 729 898 Caniniumque
756 846 889 884 adesse
918 852 1213 895 cognoscerent,
1244 855 1318 879 nec
1349 855 1390 880 sc

240 909 324 946 sine
344 916 452 946 certa
483 907 669 959 pernicie,
697 913 956 958 persequente
986 905 1176 949 exercitu,
1204 910 1386 953 putarent

242 970 462 1020 provinciae
478 970 572 1007 fines
589 969 730 1006 intrare
749 981 874 1018 posse,
895 980 966 1003 nec
982 967 1060 1015 jam
1077 965 1236 1002 liberam
1252 976 1392 1015 vagan-

242 1031 280 1067 di
293 1031 660 1080 latrociniorumque
672 1029 936 1067 faciendorum
951 1026 1176 1064 facultatem
1190 1025 1391 1070 haberent,

243 1092 461 1129 consistunt
481 1092 518 1128 in
539 1091 639 1142 agris
661 1091 937 1129 Cadurcorum.
992 1087 1065 1132 Ibi,
1099 1099 1216 1136 quum
1245 1085 1389 1123 Lucte-

244 1152 321 1189 rius
350 1153 452 1203 apud
472 1165 558 1190 suos
579 1152 681 1189 cives
710 1150 919 1202 quondam,
949 1147 1107 1198 integris
1135 1147 1264 1192 rebus,
1293 1147 1390 1184 mul-

241 1220 325 1251 tum
345 1213 545 1264 potuisset,
576 1224 806 1263 semperque
835 1217 971 1248 auctor
999 1221 1186 1246 novorum
1215 1207 1394 1246 consilio-

243 1287 327 1311 rum
361 1287 539 1324 magnam
568 1273 669 1324 apud
702 1273 886 1310 barbaros
917 1269 1188 1309 auctoritatem
1218 1269 1395 1316 haberet,

245 1334 430 1385 oppidum
452 1333 755 1378 Uxellodunum,
776 1332 879 1383 quod
902 1332 940 1368 in
954 1331 1134 1369 clientela
1149 1329 1275 1367 fuerat
1293 1331 1389 1380 ejus,

242 1403 378 1433 natura
396 1394 473 1432 loci
503 1394 660 1445 egregie
679 1393 883 1439 munitum,
917 1398 1084 1442 occupat
1103 1390 1179 1429 suis
1199 1398 1239 1428 et
1259 1390 1384 1442 Drap·

241 1456 341 1507 petis
360 1456 495 1507 copiis,
515 1455 806 1505 oppidanosque
826 1453 896 1491 sibi
917 1452 1132 1502 conjungit.

295 1516 484 1554 XXXIII.
538 1517 626 1558 Quo
639 1529 757 1567 quum
776 1514 979 1552 confestim
996 1513 1041 1551 C.
1061 1513 1247 1551 Caninius
1265 1514 1388 1552 venis=

242 1585 315 1625 set,
336 1578 750 1628 animadverteretque,
770 1589 902 1614 omnes
919 1575 1049 1627 oppidi
1061 1582 1188 1626 partes
1206 1587 1391 1627 praerupn

241 1640 395 1678 tissimis
411 1638 512 1677 saxis
532 1652 614 1676 esse
633 1638 812 1684 munitas,
833 1651 923 1688 quo,
943 1636 1177 1674 defendente
1193 1636 1313 1683 nullo,
1332 1644 1390 1674 ta-

242 1715 331 1739 men
350 1701 503 1738 armatis
524 1699 761 1738 adscendere
781 1707 880 1737 esset
900 1698 1075 1742 difficile;
1102 1710 1242 1748 magna
1260 1705 1391 1736 autem

243 1761 517 1811 impedimenta
544 1759 826 1810 oppidanorum
851 1758 1012 1804 videret,
1046 1770 1143 1808 quae
1163 1758 1193 1795 si
1213 1758 1390 1796 clandes-

245 1821 326 1858 tina
352 1820 444 1870 fuga
462 1819 688 1857 subtrahere
708 1826 955 1864 conarentur,
983 1817 1152 1869 effugere
1171 1831 1249 1856 non
1272 1818 1388 1856 modo

240 1881 470 1932 equitatum,
498 1881 565 1918 sed
584 1893 632 1917 ne
652 1880 831 1931 legiones
845 1880 1014 1930 quidem,
1034 1888 1216 1930 possent:
1244 1879 1380 1930 tripar-

244 1942 316 1980 tito
337 1941 560 1979 cohortibus
580 1941 722 1987 divisis,
751 1941 850 1979 trina
869 1940 1130 1979 excelsissimo
1158 1941 1245 1979 loco
1265 1948 1392 1980 castra

248 2003 355 2049 fecit,
384 2016 407 2040 a
426 2003 562 2053 quibus
589 2002 802 2053 paullatim,
832 2010 1017 2053 quantum
1044 2002 1179 2053 copiae
1199 2002 1395 2053 patieban-

243 2072 318 2109 tur,
337 2063 479 2100 vallum
493 2063 530 2100 in
547 2063 677 2114 oppidi
699 2063 903 2101 circuitum
923 2063 1064 2101 ducere
1084 2063 1260 2101 instituit.

293 2124 478 2162 XXXIV.
533 2125 649 2166 Quod
679 2138 796 2175 quum
817 2124 1165 2162 animadverterent
1193 2124 1389 2175 oppidani,

241 2185 530 2235 miserrimaque
561 2185 716 2222 Alesiae
736 2185 920 2222 memoria
949 2185 1117 2231 solliciti,
1151 2184 1310 2223 similem
1332 2197 1394 2222 ca-

240 2259 323 2283 sum
344 2246 574 2283 obsessionis
594 2254 834 2292 vererentur,
864 2247 1108 2297 maximeque
1139 2259 1189 2283 ex
1217 2246 1393 2284 omnibus

243 2307 462 2353 Lucterius,
483 2307 547 2357 qui
567 2306 744 2345 fortunae
765 2307 862 2348 illius
882 2307 1097 2359 periculum
1123 2306 1281 2354 fecerat,
1311 2319 1392 2344 mou

1516 77 1523 113 l
