1556 2683
277 236 350 277 128
555 236 629 275 DE
670 235 849 274 BELLO
889 236 1134 275 GALLICO

269 341 405 391 fugere
423 348 593 392 possent,
627 354 766 392 magno
796 340 947 391 pecoris
975 347 1090 390 atque
1119 338 1314 376 hominum
1347 350 1417 376 nu÷

270 415 378 439 mero
398 412 526 454 capto,
545 411 662 454 atque
681 417 727 441 ea
745 402 888 453 praeda
902 402 1085 439 militibus
1104 413 1301 445 concessa,
1335 413 1418 437 vas·

268 465 435 515 tatisque
454 465 567 516 agria
589 465 625 502 in
646 465 881 502 deditionem
901 463 1045 508 venire,
1065 471 1181 513 atque
1201 462 1352 500 obsides
1370 461 1418 499 si-

267 524 306 562 bi
328 526 432 570 dare,
453 527 594 574 coegit.
649 525 708 563 Eo
729 525 904 563 celeriter
934 524 1114 562 confecto
1135 524 1305 572 negotio,
1336 536 1420 560 rur-

270 597 334 623 sus
356 587 390 623 in
407 587 568 625 hiberna
581 587 753 637 legiones
769 586 936 623 reduxit.
983 585 1158 623 Concilio
1174 585 1324 621 Galliae
1342 584 1417 634 pri-

267 659 333 685 mo
351 661 456 695 vere,
483 649 538 686 uti
561 649 788 694 instituerat,
808 648 967 693 indicto,
989 660 1104 697 quum
1125 646 1274 696 reliqui,
1309 658 1421 696 prae-

269 717 330 747 ter
351 710 536 756 Senones,
558 712 760 754 Carnutes,
782 709 1052 759 Trevirosque,
1081 708 1286 753 venissent,
1319 707 1420 745 initi-

268 783 333 807 um
352 771 443 808 belli
463 784 508 809 ac
529 771 756 809 defectionis
775 771 850 807 hoc
871 782 953 806 esse
974 769 1191 814 arbitratus,
1230 776 1273 806 ut
1291 768 1425 805 omnia

268 840 502 883 postponere
521 833 729 878 videretur,
750 831 954 870 concilium
972 830 1168 867 Lutetiam
1189 829 1421 867 Parisiorum

268 894 462 932 transfert.
517 894 699 933 Confines
718 901 827 931 erant
843 893 879 929 hi
897 892 1127 937 Senonibus,
1147 892 1421 941 civitatemque

268 963 421 1007 patrum
441 956 624 994 memoria
655 957 960 1005 conjunxerant:
989 953 1056 991 sed
1087 953 1229 991 abhoc
1256 952 1418 990 consilio

269 1017 411 1055 afuisse
432 1018 759 1056 existimabantur.
809 1015 894 1053 Hac
909 1028 948 1052 re
962 1028 1030 1066 pro
1047 1023 1231 1065 suggestu
1246 1027 1416 1065 pronun-

269 1079 384 1124 ciata,
416 1080 553 1117 eodem
573 1078 634 1117 die
655 1092 741 1118 cum
758 1078 973 1126 legionibus
993 1077 1029 1113 in
1053 1077 1225 1114 Senones
1244 1076 1416 1127 proficis-

270 1140 383 1184 citur,
421 1141 645 1192 magnisque
666 1140 865 1177 itineribus
885 1152 931 1176 eo
950 1138 1136 1189 pervenit.

320 1202 390 1239 IV.
436 1204 604 1253 Cognito
621 1204 703 1252 ejus
723 1202 905 1246 adventu,
925 1201 1047 1245 Acco,
1064 1200 1127 1250 qui
1143 1199 1324 1251 princeps
1339 1201 1422 1250 ejus

270 1264 418 1301 consilii
439 1265 578 1310 fuerat,
592 1265 703 1314 jubet
720 1263 757 1300 in
774 1263 914 1313 oppida
933 1262 1218 1299 multitudinem
1239 1261 1423 1300 conveni-

270 1338 312 1363 re
330 1340 339 1362 :
382 1325 626 1368 conantibus,
663 1325 883 1376 priusquam
912 1324 950 1361 id
987 1323 1082 1361 effici
1111 1330 1253 1373 posset,
1289 1324 1424 1362 adesse

271 1385 484 1431 Romanos,
504 1386 721 1424 nunciatur.
766 1384 992 1422 Necessario
1012 1382 1203 1420 sententia
1219 1382 1423 1430 desistunt,

268 1444 496 1496 legatosque
517 1444 748 1496 deprecandi
770 1458 904 1482 caussa
939 1443 987 1482 ad
1008 1444 1211 1482 Caesarem
1241 1444 1423 1481 mittunt:

271 1506 416 1544 adeunt
435 1520 504 1557 per
524 1507 698 1551 Aeduos,
718 1519 880 1557 quorum
901 1505 1111 1555 antiquitus
1127 1512 1206 1542 erat
1223 1504 1258 1541 in
1281 1505 1356 1542 fide
1370 1505 1424 1542 ci-

270 1568 380 1605 vitas.
435 1568 621 1606 Libenter
637 1568 792 1613 Caesar,
807 1567 1027 1618 petentibus
1049 1566 1211 1612 Aeduis,
1231 1567 1297 1604 dat
1315 1566 1421 1604 veni-

271 1643 347 1673 am,
368 1630 738 1680 excusationemque
759 1629 897 1679 accipit
916 1645 924 1671 ς
945 1627 1047 1679 quod
1067 1627 1253 1666 aestivum
1270 1637 1423 1680 tempus

272 1690 449 1728 instantis
464 1691 568 1737 belli,
589 1704 663 1728 non
682 1690 930 1741 quaestionis,
947 1702 1030 1727 esse
1045 1689 1314 1727 arbitrabatur.
1342 1690 1428 1728 Ob-'

273 1753 419 1790 sidibus
440 1752 633 1803 imperatis
668 1759 837 1798 centum,
868 1752 937 1789 hos
968 1751 1116 1789 Aeduis
1148 1752 1426 1790 custodiendos

272 1813 403 1851 tradit.
458 1813 606 1851 Eodem
629 1814 819 1851 Carnutes
838 1813 986 1863 legatos
1006 1812 1234 1863 obsidesque
1250 1812 1422 1860 mittunt,

271 1875 330 1912 usi
351 1875 665 1926 deprecatoribus
687 1875 832 1921 Remis,
857 1887 1018 1925 quorum
1035 1881 1144 1912 erant
1159 1873 1197 1910 in
1219 1874 1424 1913 clientela:

276 1936 411 1973 eadem
438 1936 567 1974 ferunt
595 1950 786 1988 responsa.
857 1935 1012 1986 Peragit
1041 1935 1247 1973 concilium
1268 1936 1423 1983 Caesar,

276 1997 503 2048 equitesque
532 1998 694 2049 imperat
714 1997 944 2036 civitatibus.

326 2058 374 2095 V.
428 2059 516 2096 Hae
536 2067 644 2110 parte
664 2060 813 2098 Galliae
833 2067 982 2110 pacata,
1019 2066 1124 2096 totus
1156 2066 1196 2095 et
1224 2065 1354 2096 mente
1385 2065 1427 2096 et

273 2120 400 2157 animo
421 2120 459 2157 in
492 2121 635 2158 bellum
657 2121 901 2158 Trevirorum
935 2128 973 2158 et
1004 2120 1242 2171 Ambiorigis
1272 2119 1423 2158 insistit.

273 2182 503 2220 Cavarinum
534 2196 621 2221 cum
652 2183 825 2233 equitatu
856 2182 1052 2220 Senonum
1084 2195 1214 2220 secum
1234 2182 1427 2233 proficisci

270 2244 397 2294 jubet,
412 2257 460 2281 ne
477 2244 560 2295 quis
580 2252 647 2282 aut
666 2258 714 2282 ex
736 2244 847 2294 liujus
864 2243 1075 2289 iracundia,
1091 2251 1157 2281 aut
1173 2256 1222 2282 ex
1238 2256 1299 2290 eo,
1321 2244 1426 2294 quod

273 2313 480 2353 meruerat,
500 2305 589 2344 odio
622 2305 801 2351 civitatis,
837 2312 964 2343 motus
996 2304 1149 2343 existat.
1202 2304 1278 2342 His
1310 2305 1428 2343 rebus
