1556 2683
537 290 706 329 LIBER
759 289 812 328 11.
1230 292 1283 332 47

125 395 184 434 vis
203 396 250 434 ad
270 395 414 434 flumen
435 394 579 440 Sabim,
601 395 704 446 quod
724 407 840 445 supra
868 393 1163 440 nominavimus,
1197 407 1281 432 vern*

128 458 268 508 gebat:
307 457 353 494 ab
373 470 419 494 eo
439 456 596 493 flumine
630 456 711 506 pari
731 455 948 494 acclivitate
969 456 1077 493 collis
1097 456 1282 493 nasceba-

128 526 192 558 tur
215 521 396 558 adversus
410 518 512 564 huic,
534 523 572 555 et
593 518 823 563 contrarius,
839 530 970 568 passus
991 518 1145 555 circiter
1160 529 1207 554 cc
1225 517 1282 553 in-

128 581 218 620 fima
237 588 407 632 apertus,
435 580 482 617 ab
503 579 702 630 superiore
722 587 830 630 parte
851 579 1058 621 silvestri&
1078 587 1118 616 ut
1141 592 1214 616 nou
1228 578 1283 615 fa·

128 642 202 681 cile
222 642 407 679 introrsus
427 641 591 691 perspici
614 648 753 691 posset.
810 640 915 678 Intra
936 654 999 677 eas
1018 641 1129 677 silvas
1152 641 1283 677 hostes

126 704 165 741 in
198 703 354 742 occulto
384 715 468 740 sese
501 702 776 739 continebunt:
815 702 851 738 in
872 710 1007 752 aperto
1039 702 1125 739 loco
1145 714 1283 739 sccun-

127 765 218 802 (lum
252 764 396 801 flumen
430 775 578 814 paucae
616 762 802 800 stationes
836 763 1010 812 equitum
1041 761 1284 799 videbantur.

126 825 311 863 Fluminis
331 833 414 862 erat
432 824 596 862 altitudo
618 824 757 874 pedum
779 824 934 862 circiter
957 835 1021 861 111.

178 887 288 924 XIX.
344 889 500 933 Caesar,
526 886 700 937 equitatu
720 886 945 937 praemisso,
972 885 1283 935 subsequebatur

127 949 304 986 omnibus
326 949 470 999 copiis:
508 949 576 985 sed
597 948 694 985 ratio
714 948 886 997 ordoque
917 946 1080 997 agminis
1099 946 1211 983 aliter
1242 958 1284 983 se

125 1009 308 1054 habebat,
329 1021 374 1046 ac
395 1008 539 1058 Belgae
559 1009 606 1046 ad
624 1008 787 1046 Nervios
803 1008 1035 1045 detulerant.
1057 1021 1158 1052 uam,
1180 1007 1284 1057 quod

125 1070 176 1108 ad
204 1070 333 1108 hostes
364 1070 711 1121 appropinquabat,
744 1069 1024 1106 consuetudine
1042 1081 1112 1105 sua
1141 1069 1284 1106 Caesar

126 1143 171 1169 VI
192 1132 364 1181 legiones
385 1131 587 1181 expeditas
607 1131 800 1168 ducebat:
826 1138 913 1180 post
934 1143 998 1167 eas
1019 1131 1137 1167 totius
1170 1144 1282 1168 exer-

127 1194 228 1231 citus
263 1193 539 1243 impedimenta
572 1192 804 1230 collocarat:
846 1191 935 1228 inde
969 1191 1066 1228 duae
1095 1191 1284 1242 legiones,

126 1268 226 1307 quae
254 1255 431 1306 proxime
453 1254 696 1305 conscriptae
716 1260 841 1300 erant,
867 1261 991 1291 totum
1012 1266 1149 1302 agmen
1179 1253 1283 1290 clau-

126 1317 284 1362 debant,
318 1316 589 1368 praesidioquc
623 1315 905 1365 impedimentis
934 1322 1057 1352 erant.
1120 1314 1282 1364 Equites

125 1377 259 1423 nostri,
291 1391 378 1415 cum
400 1376 658 1414 funditoribus
677 1376 962 1426 sagittariisque
991 1377 1136 1414 flumen
1158 1385 1282 1414 trans-

123 1440 260 1491 gressi,
292 1453 379 1477 cum
399 1439 568 1477 hostium
588 1437 762 1489 equitatu
782 1438 969 1488 proelium
992 1437 1283 1476 commiserunt.

127 1503 257 1545 Quum
277 1515 318 1539 se
338 1501 390 1537 illi
412 1500 621 1538 identidem
645 1499 682 1536 in
714 1499 826 1536 silvas
857 1499 907 1536 ad
926 1512 1014 1536 suos
1047 1500 1283 1550 reciperent,

126 1575 173 1601 ac
193 1575 324 1600 rursus
339 1575 387 1599 ex
409 1562 504 1599 silva
519 1561 556 1598 in
573 1568 723 1598 n0>tr0s
741 1561 926 1611 impetum
947 1560 1135 1605 facerent,
1156 1573 1284 1611 neque

128 1624 250 1662 nostri
270 1624 435 1674 longius,
463 1636 576 1673 quam
598 1636 711 1674 quem
733 1622 782 1660 ad
800 1622 914 1659 finem
935 1629 1115 1672 porrecta
1134 1634 1179 1658 ac
1199 1622 1286 1660 loca

126 1692 260 1737 aperta
280 1686 541 1736 pertinebant,
567 1684 755 1722 cedentes
775 1683 922 1734 insequi
942 1683 1155 1725 auderent3
1184 1683 1284 1720 inte-

126 1747 198 1784 rim
228 1747 398 1797 legiones
427 1759 511 1792 sex,
545 1759 643 1796 quae
674 1745 817 1796 primae
851 1753 1051 1789 venerant,
1085 1757 1201 1794 opere
1220 1744 1286 1782 *di-

125 1821 276 1853 menso,
306 1815 432 1845 castra
450 1807 601 1844 munire
633 1813 858 1857 coeperunt.
916 1806 991 1844 Ubi
1013 1805 1135 1855 prima
1164 1806 1284 1856 impe-

127 1869 300 1907 dimenta
332 1869 452 1907 nostri
484 1870 679 1907 exercitus
711 1869 757 1906 ab
789 1868 862 1914 his,
896 1868 961 1918 qui
982 1867 1019 1904 in
1040 1867 1142 1904 silvis
1163 1868 1284 1906 abditi

128 1931 314 1976 latebant,
340 1932 420 1970 visa
439 1939 541 1977 sunt,
575 1931 678 1981 quod
698 1938 851 1981 tempus
884 1930 985 1967 inter
1014 1942 1079 1967 eos
1108 1930 1285 1967 commit-

129 1993 237 2031 tendi
255 1993 390 2045 proelii
414 2000 675 2036 convenerat;
695 1993 748 2030 ita
767 2000 810 2030 ut
830 1993 928 2029 intra
949 1991 1061 2028 silvas
1080 1992 1203 2028 aciem
1224 2005 1285 2028 or-

129 2055 317 2106 dinesque
347 2054 643 2098 constituerant,
677 2061 794 2105 atque
815 2053 884 2104 ipsi
915 2066 1000 2091 sese
1033 2052 1284 2091 confirmave-

128 2125 228 2162 rant,
248 2117 375 2154 subito
396 2116 572 2153 omnibus
592 2115 713 2165 copiis
732 2116 1044 2165 provolaverunt,
1079 2114 1285 2164 impetum-

130 2191 205 2229 que
225 2178 263 2215 in
284 2186 435 2216 nostros
450 2177 601 2228 equites
615 2177 807 2215 fecerunt,
863 2177 936 2213 His
955 2176 1069 2213 facile
1088 2176 1220 2226 pulsis,
1237 2190 1283 2214 ac

129 2240 379 2291 proturbatis,
408 2239 623 2277 incredibili
644 2238 843 2276 celeritate
862 2239 912 2276 ad
931 2238 1073 2275 flumen
1095 2237 1285 2276 decucur-

128 2307 285 2344 rerunt;
317 2308 360 2338 ut
378 2313 502 2352 paene
523 2314 601 2337 uno
621 2308 795 2350 tempore
816 2307 857 2337 et
875 2299 923 2337 ad
942 2299 1071 2344 silvas,
1097 2308 1136 2336 et
1155 2300 1192 2336 in
1213 2299 1286 2337 flu-

127 2362 245 2410 mine,
277 2370 318 2401 et
339 2365 419 2414 jam
450 2363 489 2400 in
522 2363 697 2401 manibus
727 2361 868 2400 nostris
887 2361 1018 2400 hostes
1049 2360 1286 2398 viderentur.
