1556 2683
530 216 695 255 LIBER
749 216 838 255 VII,
1192 218 1264 255 185

124 317 187 370 jus
206 320 372 358 adventu
391 320 438 358 ab
460 320 633 358 hostibus
652 320 821 370 cognito,
849 330 1009 369 magnae
1029 331 1078 355 ex
1098 317 1266 355 finitimis

127 381 346 418 civitatibus
366 381 498 431 copiae
517 388 791 418 convenerunt.
845 379 1002 416 Summa
1027 379 1172 430 imperii
1193 389 1267 415 tra-

129 441 232 478 ditur
252 441 527 491 Camulogeno,
545 441 714 478 Aulerco
729 457 737 484 ;
757 440 836 490 qui,
855 453 974 490 prope
991 441 1190 477 confectus
1206 452 1268 476 ac-

128 509 221 546 tate‚
241 509 367 539 tamen
388 509 545 552 propter
571 501 803 550 singularem
823 501 1020 537 scientiam
1049 499 1103 536 rei
1131 499 1267 536 milita-

129 563 179 599 ris
199 563 247 600 ad
266 576 353 600 eum
374 570 431 600 est
460 563 642 600 honorem
675 569 868 598 evocatus.
971 560 1023 605 Is,
1050 573 1166 610 quum
1187 561 1267 597 ani-

128 623 393 660 madvertisset
411 629 633 673 perpetuam
654 635 736 659 esse
755 622 948 672 paludem,
973 633 1071 671 quae
1091 621 1269 658 influeret

128 683 166 720 in
189 682 419 733 Sequanam,
450 690 567 732 atque
587 683 694 719 illum
713 695 864 719 omnem
881 682 1007 719 locum
1035 694 1269 731 magnopere

130 744 346 794 impediret,
366 744 428 781 hic
444 743 631 789 consedit,
651 751 878 792 nostrosque
892 744 1053 779 transitu
1066 741 1268 792 prohibere

128 804 307 842 instituit.

179 865 326 902 LVIII.
381 865 573 903 Labienus
595 866 716 916 primo
735 866 863 903 vineas
878 878 1006 914 agere,
1026 865 1195 903 cratibus
1213 872 1269 903 at-

127 940 204 977 que
224 939 366 976 aggere
385 927 564 976 paludem
584 927 756 977 explere,
786 934 901 977 atque
922 927 993 963 iter
1013 926 1174 971 munire,
1204 939 1268 963 co-

127 988 301 1024 nabatur.
358 987 564 1038 Postquam
585 987 622 1024 id
641 987 830 1024 difficilius
849 987 1007 1024 confieri
1034 986 1270 1023 animadver-

128 1048 188 1094 tit,
217 1048 368 1085 silentio
399 1062 419 1086 e
439 1049 571 1085 castris
604 1049 717 1085 tertia
744 1048 872 1098 vigilia
897 1060 1087 1097 egressus,
1120 1048 1272 1095 eodem,

127 1122 206 1160 quo
221 1116 391 1154 venerat,
411 1109 546 1146 itinere
567 1109 820 1146 Melodunum
834 1109 1018 1159 pervenit.
1072 1108 1117 1145 Id
1131 1117 1190 1146 est
1204 1123 1271 1160 op-

129 1170 260 1221 pidum
281 1169 490 1214 Senonum,
508 1169 544 1205 in
558 1169 678 1206 insula
696 1169 896 1219 Sequanae
912 1169 1092 1220 positum,
1112 1178 1153 1207 ut
1167 1171 1273 1221 paul*-

128 1231 166 1268 lo
184 1238 273 1268 ante
293 1230 485 1268 Lutetiam
504 1230 682 1267 diximus.
737 1230 998 1280 Depreliensis
1021 1231 1180 1268 navibus
1200 1232 1273 1269 cir-

128 1291 226 1329 citer
257 1303 294 1337 L,
325 1291 578 1341 celeriterque
608 1292 839 1341 conjunctis,
867 1298 982 1341 atque
1014 1304 1061 1328 eo
1090 1291 1273 1330 militibus

129 1352 328 1402 impositis,
341 1359 381 1389 et
397 1352 452 1389 rei
467 1352 635 1389 novitate
647 1352 860 1402 perterritis
874 1352 1090 1403 oppidaniS‚
1110 1366 1272 1402 quorum

129 1426 268 1463 magna
286 1426 373 1464 pars
392 1413 441 1450 ad
463 1413 605 1450 bellum
626 1421 708 1450 erat
728 1420 899 1458 evocata,
920 1414 1001 1450 sine
1022 1415 1272 1452 contentione

124 1473 270 1524 oppido
305 1474 462 1524 potitur.
516 1473 681 1510 Refecto
710 1482 842 1525 ponte,
875 1488 988 1525 quern
1013 1475 1272 1525 superioribus

129 1534 264 1572 diebus
292 1535 422 1572 hostes
449 1533 699 1579 resciderant,
727 1534 940 1571 exercitum
972 1535 1200 1581 transducit,
1232 1543 1274 1574 et

127 1595 300 1632 secundo
335 1594 493 1632 flumine
529 1594 577 1631 ad
614 1594 810 1631 Lutetiam
848 1595 920 1632 iter
956 1595 1085 1633 facere
1131 1597 1272 1646 coepit.

128 1655 290 1702 Hostes,
319 1668 359 1693 re
393 1656 548 1706 cognita
579 1656 626 1692 ab
659 1655 716 1702 iis,
749 1655 813 1706 qui
841 1668 864 1693 a
894 1655 1107 1693 Meloduno
1144 1657 1274 1707 profu-

127 1724 278 1767 gerant,
307 1716 503 1754 Lutetiam
522 1716 676 1754 incendi
704 1725 915 1767 pontesque
936 1719 1018 1767 ejus
1037 1718 1167 1768 oppidi
1194 1732 1273 1756 res-

126 1778 232 1816 cindi
255 1778 415 1827 jubent:
442 1778 527 1828 ipsi,
554 1777 717 1827 profecti
737 1791 759 1814 a
776 1778 930 1827 palude,
958 1778 997 1814 in
1017 1778 1106 1828 ripis
1128 1778 1274 1830 Sequa-

128 1852 215 1885 nae,
242 1852 264 1875 e
285 1838 441 1888 regione
461 1837 655 1884 Lutetiae,
687 1846 822 1876 contra
853 1838 1016 1876 Labieni
1037 1846 1162 1876 castra
1182 1853 1274 1877 con-

131 1900 273 1938 sidunt.

171 1959 279 1997 LIX.
331 1959 419 1997 Jam
436 1960 577 1997 Caesar
595 1972 618 1996 a
637 1958 831 2010 Gergovia
849 1959 1069 1997 discessisse
1094 1960 1274 1998 audieba-

130 2030 218 2059 tur:
241 2022 320 2071 jam
340 2021 388 2057 de
417 2021 643 2058 Aeduorum
663 2020 897 2066 defectione,
925 2029 965 2058 et
983 2021 1155 2058 secundo
1182 2021 1275 2059 Gal-

128 2082 202 2120 liae
221 2089 343 2128 motu,
359 2094 530 2118 rumores
549 2081 818 2128 afferebantur,
839 2082 1019 2132 Gallique
1033 2082 1071 2118 in
1091 2082 1277 2132 colloqui-

131 2145 176 2190 is,
204 2144 456 2182 interclusum
488 2143 625 2180 itinere
651 2149 691 2180 et
722 2142 868 2193 Ligeri,
902 2143 1121 2188 Caesarem,
1148 2143 1278 2193 inopia

130 2206 312 2243 frumenti
332 2213 525 2250 coactum,
554 2204 591 2240 in
607 2204 841 2255 provinciam
869 2204 1112 2242 contendisse
1137 2204 1278 2240 confir-

130 2267 299 2304 mabant.
335 2265 529 2304 Bellovaci
544 2273 686 2312 autem,
702 2263 923 2303 defectione
940 2264 1166 2303 Aeduorum
1183 2276 1274 2313 cog-³

206 2326 316 2364 ΤοΜ.
334 2326 366 2364 Ι.
727 2325 764 2361 A
784 2336 807 2362 a
