1556 2683
278 305 323 339 10
580 302 653 339 DE
691 304 869 341 BELLO
910 303 1154 342 GALLICO

322 404 408 442 XV.
464 405 624 444 Postero
644 407 704 444 die
722 414 845 444 castra
863 419 913 444 ex
932 420 977 444 eo
997 407 1083 443 loco
1098 415 1264 444 movent.
1303 407 1410 445 Idem

267 464 359 503 facit
373 466 512 503 Caesar
527 482 535 509 ;
554 467 842 517 equitatumque
858 480 1024 513 omnem,
1043 468 1091 504 ad
1106 481 1305 505 numerum
1319 483 1410 519 qua-

268 532 354 563 tuor
373 527 544 573 millium,
565 540 678 577 quem
698 540 747 565 ex
767 528 869 564 omni
888 528 1096 577 provincia,
1117 534 1156 564 ct
1172 527 1333 573 Aeduis,
1353 536 1410 565 at-

267 600 340 636 que
361 600 493 625 eorum
525 588 653 633 sociis,
682 595 859 624 coactum
885 588 1063 632 habebat,
1092 587 1314 638 praemittit,
1343 589 1407 638 qui

264 648 433 693 videant,
454 661 546 699 quas
559 649 597 685 in
613 656 738 699 partes
753 648 826 685 iter
838 648 992 686 faciant.
1046 648 1136 694 Qui,
1152 648 1326 699 cupidius
1339 662 1407 687 no·

263 708 456 746 vissimum
484 722 622 759 agmen
651 709 828 755 insecuti,
857 709 981 747 alieno
999 709 1085 746 loco
1114 722 1202 746 cum
1232 709 1406 759 equitatu

261 768 530 807 Helvetiorum
548 770 735 820 proelium
766 770 1011 807 committunt
1028 787 1037 813 ;
1065 777 1104 807 et
1122 769 1234 820 pauci
1253 770 1300 806 de
1320 783 1406 807 nos-

261 828 328 865 tris
353 829 509 868 cadunt.
547 832 633 873 Quo
649 831 793 881 proelio
808 831 959 876 sublati,
976 831 1160 875 Helvetii,
1177 830 1280 880 quod
1295 830 1404 880 quin-

259 890 385 938 gentis
404 891 596 941 equitibus
629 899 775 929 tantam
804 892 1089 929 multitudinem
1115 891 1288 941 equitum
1319 903 1406 940 pro-

258 949 449 999 pulerant,
480 952 664 990 audacius
682 953 902 998 subsistere,
930 965 1204 1002 nonnunquam
1221 959 1259 988 et
1279 952 1403 989 novis-

257 1011 353 1048 simo
367 1013 518 1062 agmine
533 1014 679 1064 proelio
692 1022 839 1052 nostros
853 1015 1054 1060 lacessere,
1068 1021 1290 1064 coeperunt.
1306 1014 1403 1052 Cae-

256 1084 317 1109 sar
329 1086 417 1110 suos
432 1086 453 1110 a
467 1074 614 1124 proelio
634 1075 868 1120 continebat,
890 1088 934 1112 ac
950 1075 1041 1112 satis
1055 1075 1222 1112 habebat
1236 1074 1274 1111 in
1293 1087 1403 1124 prae-

254 1133 379 1172 sentia
392 1135 541 1173 hostem
557 1135 711 1185 rapinis,
731 1136 1052 1186 pabulationibus,
1072 1134 1400 1186 populationibus-

254 1208 343 1244 que,
361 1196 578 1246 prohibere.
620 1197 680 1234 Ita
698 1197 778 1234 dies
798 1197 952 1234 circiter
968 1197 1186 1247 quindecim
1202 1196 1275 1234 iter
1294 1196 1396 1235 fece-

253 1264 356 1302 runt,
378 1257 430 1294 uti
447 1257 546 1294 inter
564 1257 812 1294 novissimum
831 1257 996 1294 hostium
1016 1270 1154 1308 agmen
1170 1265 1208 1295 et
1228 1264 1399 1295 nostrum

250 1317 414 1367 primum
434 1331 510 1355 non
526 1318 687 1369 amplius
700 1317 825 1369 quinis
840 1324 905 1355 aut
919 1318 1020 1355 senis
1035 1318 1199 1356 millibus
1214 1330 1396 1368 passuum

250 1377 464 1417 interesset.

301 1439 410 1476 XVI.
464 1440 624 1478 Interim
654 1441 825 1491 quotidie
866 1441 1007 1478 Caesar
1040 1440 1199 1478 Aeduos
1230 1439 1397 1478 frumen-

249 1508 346 1548 tum,
366 1502 470 1552 quod
485 1510 612 1540 essent
624 1502 777 1553 publice
797 1502 970 1553 polliciti,
987 1502 1174 1551 flagitare.
1201 1513 1288 1538 nam
1307 1514 1396 1551 pro-

247 1570 335 1612 pter
352 1563 508 1613 frigora,
529 1564 633 1614 quod
652 1563 780 1600 Gallia
797 1564 865 1601 sub
887 1562 1247 1613 SeptemtrIOnibus,
1268 1570 1310 1600 ut
1327 1575 1394 1600 an-

248 1631 286 1660 te
307 1623 451 1661 dictum
472 1631 544 1670 est,
563 1624 688 1674 posita
707 1631 778 1670 est,
798 1637 875 1661 non
893 1624 1008 1661 modo
1028 1623 1220 1661 frumenta
1234 1624 1272 1660 in
1291 1623 1392 1674 agris

246 1692 396 1721 matura
414 1698 491 1721 non
510 1692 634 1731 erant,
663 1685 730 1722 sed
749 1697 797 1722 nc
816 1684 946 1735 pabuli
965 1684 1118 1735 quidem
1138 1685 1228 1722 satis
1253 1698 1393 1736 magna

245 1745 358 1795 copia
387 1746 628 1796 suppetebat,
657 1759 703 1783 eo
722 1753 850 1783 autem
870 1745 1079 1791 frumento,
1112 1746 1215 1796 quod
1234 1746 1393 1784 flumine

246 1807 370 1843 Arare
390 1806 548 1843 navibus
566 1807 811 1852 subvexerat,
839 1813 1046 1857 propterea
1063 1806 1119 1843 uti
1138 1806 1262 1843 minus
1281 1814 1391 1857 potc-

244 1876 316 1913 rat,
346 1868 448 1918 quod
467 1868 538 1906 iter
557 1868 604 1905 ab
626 1869 749 1905 Arare
769 1867 943 1904 Helvetii
961 1874 1191 1913 averterant,
1211 1880 1234 1905 a
1252 1868 1390 1918 quibus

243 1929 441 1967 discedere
456 1929 622 1967 nolebat.
677 1929 792 1966 Diem
811 1941 860 1966 ex
880 1928 942 1966 die
958 1928 1100 1965 ducere
1121 1928 1249 1966 Aedui
1266 1942 1275 1964 ι
1296 1941 1389 1966 con-

240 1990 347 2036 ferri,
375 1990 620 2041 comportari,
639 1990 787 2036 adesse,
807 1989 948 2028 dicere.
1004 1989 1081 2028 Ubi
1100 2002 1141 2027 se
1157 1989 1298 2027 diutius
1317 1990 1387 2028 du-

242 2053 277 2090 ci
298 2052 500 2098 intellexit,
520 2059 560 2089 et
579 2051 681 2088 diem
700 2052 854 2097 instare,
883 2063 958 2101 quo
986 2051 1048 2088 die
1066 2050 1299 2088 frumentum
1318 2051 1388 2089 mi-

238 2114 369 2151 litibus
398 2113 525 2151 metiri
557 2119 775 2163 oporteret3
815 2112 1035 2150 convocatis
1053 2125 1185 2150 corum
1205 2113 1386 2163 principi-

237 2175 322 2221 bus,
351 2187 511 2225 quorum
531 2186 707 2224 magnam
731 2173 881 2223 copiam
900 2172 939 2209 in
959 2172 1091 2210 castris
1123 2172 1304 2220 habebat,
1344 2173 1384 2210 in

235 2234 295 2270 his
314 2234 520 2279 Divitiaco,
553 2240 591 2271 et
609 2233 740 2278 Lisco,
773 2232 838 2283 qui
863 2246 1010 2270 summo
1029 2232 1254 2283 magistratu
1274 2246 1383 2284 prae-

236 2302 332 2340 erat,
358 2295 492 2346 (quem
512 2294 796 2344 Vergobretum
818 2294 1010 2344 appellant
1031 2294 1174 2341 Aedui,
1203 2295 1267 2345 qui
1298 2308 1380 2333 cre-

235 2361 321 2392 atur
339 2367 502 2402 annuuS,
530 2362 569 2394 et
584 2354 687 2392 vitae
706 2353 888 2405 necisque
911 2353 949 2391 in
968 2366 1056 2394 suos
1075 2355 1191 2394 habet
1210 2362 1381 2407 potesta-
