1556 2683
544 212 711 251 LIBER
767 213 857 251 VII.
1202 217 1272 254 1613

105 322 327 363 accusatus,
356 315 405 354 ad
423 316 520 355 haec
540 318 763 368 respondit:
793 317 908 360 Quod
929 324 1056 356 castra
1073 317 1270 365 movisset,

108 376 254 415 factum
274 377 403 428 inopia
435 378 579 429 pabuli,
609 379 724 417 etiam
746 379 837 430 ipsis
867 379 1136 417 hortantibus:
1166 379 1273 430 quod

107 437 265 487 propius
287 437 483 476 Romanos
502 439 744 485 accessisset,
777 452 1003 490 persuasum
1024 440 1097 478 loci
1129 454 1271 491 oppor-

106 498 287 544 tunitate,
320 499 386 549 qui
415 512 456 537 se
490 500 613 551 ipsum
634 501 848 538 munitione
876 500 1130 539 defenderet:
1160 500 1270 551 equi-

108 566 190 596 tum
212 572 302 597 vero
335 573 493 611 operam
527 574 654 612 neque
684 562 723 599 in
749 562 837 600 loco
867 562 1028 613 palustri
1058 561 1271 599 desiderari

106 620 300 667 debuisse,
316 628 356 659 et
372 622 450 660 illic
470 621 586 661 fuisse
603 623 752 668 utilem,
768 636 844 673 quo
859 623 935 661 sint
950 622 1115 674 profecti
1132 637 1141 659 ε
1164 636 1270 660 sum-

106 695 208 720 mam
228 682 378 734 imperii
392 697 434 721 se
451 684 632 722 consulto
649 684 742 722 nulli
762 685 1029 723 discedentem
1049 685 1269 731 tradidisse,

106 756 156 781 ne
173 745 204 781 is
219 744 476 783 multitudinis
495 745 624 783 studio
640 745 690 783 ad
705 745 967 783 dimicandum
983 745 1246 796 impelleretur
1260 761 1271 790 ;

106 806 170 842 cui
189 805 260 851 rei,
280 813 440 857 propter
459 807 575 844 animi
595 806 810 852 mollitiem,
831 806 986 844 studere
1006 819 1140 843 omnes
1159 806 1267 844 vide-

104 875 178 913 ret,
200 867 305 918 quod
323 867 470 905 diutius
491 868 660 905 laborem
682 867 784 905 serre
805 881 882 906 non
902 875 1072 919 possent.
1106 868 1271 905 Romani

103 929 135 966 si
155 942 247 967 casu
266 929 557 975 intervenerint,
578 928 777 973 fortunae;
804 930 836 967 si
855 930 1017 980 alicujus
1037 929 1182 968 indicio
1202 942 1270 967 vo-

104 991 196 1037 cati,
215 991 309 1029 huic
329 992 546 1030 habendam
566 991 744 1042 gratiam,
765 991 870 1042 quod
889 998 930 1029 et
944 991 1182 1042 paucitatem
1202 1004 1268 1029 eo-

104 1064 188 1090 rum
208 1065 257 1090 ex
278 1052 366 1090 loco
397 1052 597 1103 superiore
628 1064 881 1102 cognoscere,
915 1060 955 1090 et
975 1053 1158 1090 virtutem
1183 1053 1270 1090 des-

102 1113 249 1165 picere,
278 1113 476 1164 potuerint
493 1130 502 1157 3
531 1114 611 1164 qui,
631 1113 815 1152 dimicare
831 1127 908 1152 non
928 1114 1024 1160 ausi,
1045 1113 1210 1165 turpiter
1229 1127 1272 1151 se

102 1174 142 1211 in
163 1181 290 1212 castra
322 1174 554 1225 receperint.
608 1169 820 1225 Imperium
849 1188 891 1212 se
918 1176 966 1212 ab
1000 1176 1168 1213 Caesare
1200 1188 1271 1225 per

104 1236 363 1288 proditionem
386 1236 532 1273 nullum
554 1236 790 1283 desiderare,
810 1236 915 1288 quod
935 1237 1078 1275 habere
1106 1237 1271 1275 victoria

104 1305 251 1348 posset,
281 1311 379 1348 quae
405 1299 486 1348 jam
507 1305 609 1335 esset
627 1298 699 1336 sibi
717 1305 836 1348 atque
856 1299 1036 1336 omnibus
1057 1298 1180 1336 Gallis
1200 1311 1270 1336 ex-

102 1359 275 1411 plorata:
304 1360 398 1410 quin
418 1359 535 1396 etiam
555 1359 647 1409 ipsis
666 1359 880 1405 remittere,
910 1360 940 1396 si
961 1360 1034 1397 sibi
1053 1361 1175 1410 magis
1195 1360 1268 1397 ho-

101 1432 236 1458 norem
255 1420 441 1466 tribuere‚
461 1432 576 1471 quam
595 1420 643 1457 ab
659 1433 700 1458 se
719 1420 883 1458 salutem
896 1421 1089 1472 accipere,
1109 1422 1269 1459 videan-

99 1489 176 1520 tur.
232 1481 344 1519 Haec
364 1488 408 1519 ut
428 1481 668 1532 intelligatis,
700 1481 838 1533 inquit,
873 1495 896 1520 a
914 1495 975 1520 me
996 1482 1148 1520 sineere
1179 1495 1268 1534 pro-

100 1543 291 1589 nunciari,
321 1542 454 1581 audite
474 1542 672 1580 Romanos
691 1543 846 1580 milites.
903 1542 1090 1581 Producit
1121 1556 1266 1590 servos,

99 1617 198 1656 quos
217 1604 256 1641 in
277 1603 524 1655 pabulatione
544 1603 679 1654 paucis
704 1612 795 1641 ante
815 1604 952 1642 diebus
982 1613 1206 1656 exceperat,
1227 1613 1267 1643 et

98 1667 200 1705 fame
218 1666 458 1716 vinculisque
477 1665 784 1703 excruciaverat.
824 1665 893 1711 Hi,
908 1669 987 1717 Jam
1008 1675 1098 1706 ante
1118 1667 1264 1714 edocti,

99 1741 199 1780 quae
219 1726 448 1778 interrogati
467 1727 786 1778 pronunciarent,
814 1727 956 1765 milites
975 1741 1016 1766 se
1036 1742 1119 1767 esse
1138 1730 1261 1781 legio-

98 1790 227 1829 narios
247 1789 400 1833 dicunt;
426 1788 526 1826 fame
546 1796 586 1826 et
604 1788 735 1840 inopia
753 1789 958 1836 adductos,
993 1790 1091 1828 clam
1112 1804 1161 1828 ex
1181 1803 1264 1829 cas-

100 1852 170 1890 tris
190 1852 332 1896 exisse,
353 1850 384 1888 si
404 1850 497 1902 quid
515 1850 713 1895 frumenti,
745 1857 812 1888 aut
831 1851 998 1901 pecoris,
1024 1852 1064 1889 in
1083 1853 1185 1903 agris
1204 1866 1263 1890 re-

99 1913 226 1965 perire
245 1920 428 1964 possent:
457 1912 571 1949 simili
591 1925 745 1949 omnem
766 1912 984 1950 exercitum
1016 1914 1147 1965 inopia
1176 1927 1262 1965 pre-

99 1976 166 2022 mi,
195 1988 269 2014 nec
284 1976 365 2025 jam
385 1973 484 2012 vires
502 1973 676 2011 sufficere
697 1973 894 2024 cuiquam,
919 1988 993 2012 nec
1012 1974 1114 2013 ferre
1135 1977 1263 2027 operis

98 2038 270 2076 laborem
289 2048 430 2087 posse:
450 2036 579 2086 itaque
599 2035 780 2073 statuisse
800 2035 1088 2088 imperatorem,
1116 2037 1147 2075 si
1166 2038 1262 2075 nihil

99 2099 139 2136 in
159 2096 450 2149 oppugnatione
472 2096 603 2148 oppidi
623 2095 866 2147 profecisset,
887 2097 1015 2135 triduo
1041 2100 1262 2137 exercitum

101 2160 308 2198 deducere.
365 2157 492 2204 Haec,
511 2157 652 2209 inquit,
672 2171 782 2205 ame,
804 2159 1121 2210 Vercingetorix,
1143 2162 1262 2198 bene-

99 2217 187 2256 ficia
201 2218 367 2264 habetis,
389 2231 502 2269 quem
524 2219 752 2269 proditionis
767 2219 1017 2258 insimulatis:
1045 2223 1154 2272 cujus
1170 2235 1262 2273 ope-

101 2291 156 2326 ra,
189 2279 270 2319 sine
289 2286 419 2319 vestro
439 2279 640 2331 sanguine,
660 2286 811 2318 tantum
830 2281 1046 2321 exercitum
1073 2274 1262 2322 victorem
