1556 2683
545 243 710 280 LIBER
764 243 838 283 111.
1235 249 1284 286 67

137 359 229 385 num
249 348 327 384 dat.
381 346 579 397 Impeditis
613 347 800 393 hostibus,
833 354 992 398 propter
1010 360 1070 393 ea,
1104 360 1201 398 quae
1227 349 1282 386 fe-

135 408 286 453 rebant,
320 420 450 452 onera,
470 409 597 446 subito
630 408 778 446 duabus
798 409 919 459 portis
939 409 1180 459 eruptionem
1200 409 1283 446 fieri

132 469 258 518 jubet.
314 468 471 506 Factum
492 477 551 506 est
570 470 859 520 opportunitate
879 470 967 515 loci,
988 470 1154 507 hostium
1172 470 1285 508 insci-

134 528 240 564 entia
269 540 314 565 ae
348 527 638 578 defatigatione,
666 529 807 567 virtute
834 529 1011 575 militum,
1044 531 1286 581 superiorum

134 601 349 639 pugnarum
370 589 663 635 exercitatione,
690 598 733 627 ut
752 603 801 627 ne
821 603 938 627 unum
959 591 1114 641 quidem
1134 598 1284 628 nostro-

131 663 215 686 rum
231 650 416 700 impetum
434 649 593 697 ferrent,
613 664 658 689 ac
678 652 806 689 statim
828 659 938 702 terga
956 660 1163 691 verterent.
1186 666 1282 704 quos

131 711 337 761 impeditos
370 711 529 761 integris
572 712 714 750 viribus
746 712 885 750 milites
916 713 1035 750 nostri
1069 711 1283 759 consecuti,

133 785 315 823 magnum
336 785 536 810 numerum
562 786 693 810 eorum
715 773 942 811 occiderunt
959 790 968 817 ;
987 774 1155 825 reliquos
1175 773 1281 824 equi-

132 839 190 869 tes
211 832 437 878 consectati,
458 845 613 883 paucos,
628 833 692 883 qui
708 846 756 870 ex
776 833 869 884 fuga
883 842 1096 880 evaserant,
1117 834 1282 884 relique·

131 900 233 930 runt.
290 893 367 938 Sic,
384 906 459 930 uno
479 900 668 943 tempore,
688 901 727 930 et
747 894 795 931 de
814 894 936 931 navali
952 907 1082 945 pugna
1103 894 1280 940 Sabinus,

129 960 170 990 et
189 954 236 990 de
259 953 389 991 Sabini
410 953 571 992 victoria
593 954 733 992 Caesar
754 955 895 993 certior
915 955 1064 993 factus:
1086 955 1282 992 civitates-

73 1010 77 1018 *
130 1028 206 1065 que
226 1027 359 1052 omnes
379 1028 418 1052 se
438 1016 565 1053 statim
587 1015 736 1053 Titurio
757 1016 999 1054 dediderunt.
1032 1030 1133 1063 nam,
1165 1024 1206 1055 ut
1231 1017 1281 1054 ad

127 1076 230 1113 bella
260 1076 502 1126 suscipienda
537 1076 737 1114 Gallorum
768 1077 895 1114 alacer
928 1090 973 1115 ac
993 1086 1191 1128 promptus
1222 1086 1282 1115 est

126 1138 288 1181 animus,
310 1137 364 1174 sic
385 1138 508 1175 mollis
528 1151 573 1175 ac
593 1137 748 1175 minime
768 1138 950 1176 resistens
970 1139 1019 1176 ad
1040 1139 1276 1177 calamitates

127 1198 378 1250 perferendas
397 1211 505 1236 mens
524 1211 657 1236 eorum
678 1206 748 1236 est.

178 1259 264 1296 XX.
323 1260 469 1297 Eodem
485 1259 565 1297 fere
581 1266 769 1310 tempore,
783 1259 826 1297 P.
843 1260 1016 1306 Crassus,
1034 1274 1150 1311 quum
1166 1261 1203 1298 in
1223 1263 1278 1298 A-

125 1320 336 1372 quitaniam
356 1320 607 1371 pervenisset,
629 1333 727 1371 quae
746 1333 847 1371 parS,
870 1328 910 1358 ut
930 1329 1019 1359 ante
1036 1323 1182 1360 dictum
1203 1329 1276 1368 est,

126 1389 166 1419 et
186 1382 387 1432 regionum
407 1382 624 1427 latitudine,
653 1390 692 1420 et
711 1382 958 1420 multitudine
986 1383 1198 1430 hominum,
1228 1397 1279 1422 ex

122 1443 237 1481 tertia
257 1451 365 1494 parte
386 1443 535 1481 Galliae
556 1451 613 1481 est
633 1444 883 1490 aestimanda,
906 1458 1023 1495 quum
1043 1445 1280 1495 intelligeret

121 1503 161 1540 in
192 1504 250 1540 his
278 1504 372 1541 locis
401 1504 472 1541 sibi
500 1505 642 1542 bellum
671 1506 897 1555 gerendum,
927 1506 990 1542 ubi
1020 1506 1152 1556 paucis
1185 1513 1276 1544 ante

123 1565 233 1602 annis
253 1565 300 1603 L.
322 1566 495 1603 ValerIus
515 1566 751 1604 Praeconius
770 1567 933 1617 legatus,
955 1567 1130 1604 exercitu
1150 1568 1277 1618 pulso,

119 1627 349 1665 interfectus
366 1634 480 1672 esset,
500 1635 615 1678 atque
633 1628 733 1665 unde
754 1628 800 1664 L.
816 1627 1001 1665 Manilius
1019 1628 1191 1673 procos„
1206 1629 1277 1666 im-

122 1689 352 1740 pedimentis
377 1689 535 1733 amissis,
555 1689 801 1740 profugisset,
835 1702 911 1726 non
942 1689 1175 1727 mediocrem
1206 1691 1278 1728 sibi

121 1749 361 1800 diligentiam
382 1750 639 1788 adhibendam
659 1751 913 1801 intelligebat.
967 1751 1117 1801 Itaque,
1140 1764 1179 1788 re
1199 1751 1278 1788 fru-

122 1812 310 1849 mentaria
323 1813 487 1863 provisa,
500 1812 651 1849 auxiliis
664 1812 916 1863 equitatuque
929 1819 1165 1862 comparato,
1179 1814 1276 1850 mul-

121 1871 170 1908 tis
189 1879 390 1922 praeterea
405 1871 493 1909 viris
507 1872 670 1910 sortibus
692 1872 847 1918 Tolosa,
869 1873 1101 1918 Carcasone,
1118 1881 1156 1911 et
1178 1873 1276 1911 Nar-

119 1933 236 1978 bone,
256 1945 355 1983 quae
375 1941 464 1970 sunt
477 1934 652 1972 civitates
668 1933 817 1971 Galliae
832 1933 1053 1984 provinciae
1075 1934 1274 1981 finitimae,

120 2008 170 2032 ex
190 1995 248 2032 his
268 1994 487 2045 regionibus
508 1994 732 2032 nominatim
751 1995 934 2041 evocatis,
960 1995 998 2032 in
1021 1995 1213 2033 Sotiatum
1232 1997 1276 2033 fi-

120 2069 188 2094 nes
209 2056 423 2094 exercitum
453 2056 678 2094 introduxit.
747 2056 867 2106 Cujus
900 2056 1069 2094 adventu
1102 2059 1274 2108 cognito,

121 2117 302 2164 Sotiates,
322 2117 470 2168 magnis
489 2118 610 2168 copiis
626 2118 786 2161 coactis,
806 2117 1073 2168 equitatuque,
1095 2132 1171 2169 quo
1189 2120 1274 2170 plu-

119 2178 257 2215 rimum
278 2179 472 2224 valebant,
494 2179 529 2215 in
548 2178 684 2216 itinere
700 2191 837 2228 agmen
854 2185 1025 2216 nostrum
1043 2179 1182 2226 adorti,
1197 2181 1274 2230 pri-

114 2252 218 2276 mum
240 2247 422 2290 equestre
441 2239 629 2290 proelium
664 2239 962 2283 commiserunt3
991 2240 1144 2287 deinde,
1165 2242 1273 2291 equi-

116 2306 200 2338 tatu
218 2313 287 2339 suo
307 2301 432 2352 pulso,
448 2308 564 2352 atque
581 2301 871 2352 insequentibus
890 2302 1044 2348 nostris,
1060 2302 1188 2340 subito
1205 2314 1272 2353 pe-
