1556 2683
589 311 755 349 LIBER
808 312 840 349 Ι.
1274 319 1298 354 9

150 422 240 455 suae
260 426 494 466 magnopere
513 414 644 452 virtuti
663 415 864 461 tribueret,
900 422 966 452 aut
990 415 1092 465 ipsos
1124 415 1296 467 despice-

150 484 221 514 ret.
276 477 326 514 Se
346 477 399 514 ita
417 488 439 513 a
457 475 628 526 patribus
641 476 925 526 majoribusque
944 476 1021 513 suis
1041 476 1234 522 didicisse,
1256 486 1299 515 ut

148 538 270 588 magis
288 538 444 582 virtute,
470 549 585 587 quam
604 537 708 583 dolo,
729 537 1024 583 contenderent,
1056 545 1123 575 aut
1153 538 1299 576 insidiis

148 599 375 636 niterentur.
429 599 571 643 Quare,
591 611 638 635 ne
656 598 927 644 committeret,
959 607 1002 636 ut
1030 599 1060 636 is
1079 599 1201 645 locus,
1232 600 1298 637 ubi

149 659 422 704 constitissent,
439 672 486 696 ex
505 658 721 696 calamitate
737 659 867 709 populi
889 658 1051 696 Romani
1071 667 1110 696 et
1128 659 1297 697 interne-

147 720 259 758 cione
278 720 472 758 exercitus
501 732 645 757 nomen
673 726 842 770 caperet,
874 727 941 757 aut
959 720 1181 757 memoriam
1209 733 1298 771 pro-

147 780 268 817 deret.

200 841 308 878 xlv.
338 841 411 879 His
425 842 566 879 Caesar
581 842 633 879 ita
648 841 866 892 respondit:
887 841 946 879 Eo
960 842 1032 879 sibi
1047 841 1172 880 minus
1187 842 1298 880 dubi-

149 903 303 940 tationis
317 903 413 949 dari,
443 903 546 954 quod
565 916 628 941 eas
646 916 720 948 res,
751 915 845 954 quas
863 903 981 953 legati
1001 903 1174 941 Helvetii
1192 917 1298 942 com-

148 965 437 1009 memorassent,
457 965 641 1002 memoria
660 972 810 1003 teneret
826 980 835 1002 ε
853 972 971 1015 atque
986 977 1033 1002 eo
1053 965 1205 1014 gravius
1222 965 1298 1003 fer-

148 1038 203 1072 re,
224 1038 301 1076 quo
319 1026 444 1064 minus
462 1026 599 1064 merito
619 1026 750 1076 populi
770 1026 934 1063 Romani
955 1025 1206 1069 accidissent;
1232 1027 1299 1076 qui

148 1087 179 1123 si
198 1087 361 1137 alicujus
375 1087 535 1136 injuriae
551 1087 621 1124 sibi
640 1087 818 1124 conscius
831 1087 982 1132 fuisset,
1002 1098 1080 1123 non
1095 1086 1211 1124 fuisse
1224 1087 1298 1124 dif-

147 1148 249 1186 ficile
267 1155 427 1185 cavere:
455 1148 524 1185 sed
542 1159 589 1185 eo
609 1149 831 1199 deceptum,
850 1148 955 1198 quod
974 1160 1101 1198 neque
1120 1149 1301 1186 commis-

146 1222 230 1247 sum
245 1221 267 1246 a
286 1221 326 1247 se
340 1209 586 1260 intelligeret,
606 1221 724 1260 quare
743 1210 898 1247 timeret
914 1224 923 1252 ;
940 1221 1067 1260 neque
1086 1209 1167 1246 sine
1188 1221 1300 1246 caus-

145 1283 188 1308 sa
206 1271 418 1308 timendum
450 1278 617 1321 putaret.
681 1271 797 1313 Quod
823 1270 854 1307 si
872 1271 1012 1308 veteris
1042 1271 1300 1308 contumeliae

148 1331 321 1369 oblivisci
353 1331 490 1375 vellet3
526 1345 618 1369 num
655 1332 771 1370 etiarn
808 1332 1023 1369 recentium
1061 1332 1299 1382 injuriarum,

146 1393 264 1443 quod,
293 1406 338 1430 co
358 1393 492 1439 invito,
520 1393 593 1430 iter
625 1406 695 1444 per
713 1393 947 1444 provinciam
966 1407 1035 1444 per
1053 1394 1129 1430 vim
1156 1395 1300 1432 tentas-

146 1463 245 1500 sent,
265 1454 369 1505 quod
383 1454 556 1500 Aeduos,
576 1455 679 1506 quod
698 1456 920 1501 Ambarros,
941 1455 1044 1506 quod
1065 1455 1299 1506 Allobrogas

146 1516 364 1561 vex-sissent,
386 1516 609 1553 memoriam
629 1515 824 1566 deponere
840 1528 952 1565 posse
970 1516 982 1553 ?
1003 1516 1119 1557 Quod
1133 1529 1203 1554 sua
1221 1516 1300 1554 vic-

146 1577 246 1614 toria
264 1585 342 1614 tam
362 1576 569 1614 insolenter
587 1577 857 1627 gloriarentur,
878 1577 1057 1627 quodque
1079 1584 1156 1614 tam
1177 1577 1243 1615 diu
1258 1591 1300 1615 se

146 1636 300 1688 impune
329 1637 486 1687 injurias
518 1638 651 1674 tulisse
684 1638 979 1684 admirarentur,
1012 1639 1150 1676 eodem
1181 1640 1301 1690 perti-

146 1711 262 1736 nere:
291 1700 496 1736 consuesse
515 1699 617 1736 enim
648 1699 742 1736 deos
775 1699 1023 1745 immortales,
1052 1713 1128 1751 quo
1148 1701 1302 1750 gravius

144 1759 319 1797 homines
338 1772 388 1797 ex
408 1759 709 1797 commutatione
739 1771 867 1797 rerum
898 1760 1067 1806 doleant,
1104 1775 1199 1813 quos
1229 1776 1301 1814 pro

145 1821 292 1858 scelere
324 1834 456 1859 eorum
486 1822 619 1859 ulcisci
648 1822 782 1867 velint,
810 1822 869 1858 his
900 1823 1150 1861 secundiores
1181 1824 1301 1862 inter-

146 1882 237 1920 dum
275 1896 335 1920 res
375 1890 416 1921 et
451 1883 729 1921 diuturniorem
765 1883 1031 1934 impunitatem
1069 1885 1301 1923 concedere.

146 1943 275 1985 Quum
295 1956 341 1981 ea
359 1943 412 1982 ita
429 1945 519 1990 sint,
540 1953 682 1990 tamen,
702 1944 733 1982 si
753 1944 904 1982 obsides
923 1945 970 1982 ab
989 1945 1035 1982 iis
1054 1945 1125 1982 sibi
1144 1945 1300 1993 dentur,

146 2003 204 2042 uti
233 2017 292 2050 ea,
321 2017 419 2055 quae
451 2005 720 2056 polliceantur,
748 2005 918 2043 facturos
947 2005 1159 2057 intelligat;
1198 2016 1238 2045 et
1267 2008 1300 2046 si

148 2065 298 2103 Aeduis
317 2065 364 2103 de
385 2065 547 2116 injuriis,
568 2079 662 2117 quas
689 2067 779 2117 ipsis
793 2067 988 2118 sociisque
1005 2080 1137 2105 eorum
1157 2068 1298 2106 intule-

146 2127 237 2173 rint,
265 2127 358 2164 item
390 2128 422 2164 si
442 2128 719 2178 Allobrogibus
739 2127 987 2174 satisfaciant,
1018 2141 1102 2166 sese
1131 2141 1221 2166 cum
1254 2128 1301 2167 iis

146 2200 282 2239 pacem
301 2201 384 2226 esse
403 2189 609 2227 facturum.
663 2189 804 2226 Divico
823 2190 1019 2240 respondit
1037 2205 1046 2227 ε
1074 2191 1134 2228 lta
1153 2190 1302 2229 Helve-

148 2249 221 2286 tios
240 2261 263 2287 a
279 2251 488 2300 majoribus
507 2251 584 2288 suis
603 2251 799 2288 institutos
819 2264 916 2297 esse,
950 2252 1006 2289 uti
1027 2252 1178 2290 obsides
1198 2252 1301 2290 acci-

148 2323 254 2360 pere,
274 2324 351 2348 non
371 2311 477 2359 dare,
506 2312 751 2350 consuerint:
782 2314 867 2363 ejus
886 2314 940 2351 rei
959 2314 1144 2364 populum
1159 2314 1301 2352 Roma⁴

149 2384 241 2409 uum
258 2383 342 2410 esse
361 2380 510 2412 testem.
565 2372 656 2412 Hoc
675 2386 860 2424 responso
878 2374 983 2421 dato,
1011 2375 1199 2413 discessit.

233 2433 343 2472 Tom.
363 2433 396 2471 Ι.
758 2434 790 2470 Β
