1556 2683
541 231 705 270 LIBER
756 232 825 269 IV.
1214 238 1262 275 87

115 334 419 385 conspexissent,
447 335 656 381 subsecuti,
688 335 860 374 hostibus
892 335 1261 387 appropinquarunt.

163 397 309 434 XXVI.
365 396 582 447 Pugnatum
603 405 661 434 est
680 398 727 434 ab
747 397 916 447 utrisque
929 398 1082 434 acriter.
1126 397 1256 435 Nostri

115 464 259 503 tamen,
280 457 383 508 quod
402 469 527 508 neque
542 457 693 494 ordines
709 468 873 502 servare,
889 468 1015 506 neque
1030 454 1188 493 firmiter
1205 457 1262 493 in-

112 519 261 563 sistere,
282 530 407 569 neque
427 518 536 568 signa
554 518 747 568 subsequi,
767 524 958 568 poterant,
978 524 1094 567 atque
1106 516 1203 554 alius
1218 530 1259 554 a-

111 579 162 616 lia
176 592 225 616 ex
246 579 345 623 navi,
366 579 658 629 quibuscunque
677 579 794 629 signis
807 587 1044 623 occurrerat,
1063 591 1103 616 se
1122 591 1261 629 aggre-

110 641 240 690 gabat,
261 652 492 690 magnopere
512 641 846 690 perturbabantur.
903 639 1049 676 Hostes
1066 652 1170 685 vero,
1193 653 1261 678 no-

111 701 160 738 tis
180 701 356 738 omnibus
376 701 496 746 vadis,
516 701 579 738 ubi
601 714 648 738 cx
668 702 796 738 littore
815 700 962 750 aliquos
978 699 1190 750 singulares
1211 713 1262 737 ex

112 762 197 799 navi
218 762 460 811 egredientes
480 770 775 813 conspexerant,
809 760 977 798 incitatis
996 762 1118 811 equis,
1139 762 1259 812 impe-

113 823 214 860 ditos
233 823 505 860 adoriebantur
521 836 530 859 :
563 823 692 873 plures
725 834 868 872 paucos
901 822 1261 867 circumsistebant3

108 884 172 921 alii
206 884 254 921 ab
284 883 403 921 latere
431 891 565 933 aperto
585 884 622 920 iu
655 883 850 921 universos
884 883 962 920 tela
991 883 1262 932 conjiciebant.

111 946 227 988 Quod
246 958 361 996 quum
382 945 713 982 animadvertisset
745 945 900 990 Caesar,
933 945 1095 995 scaphas
1126 945 1260 995 longa-

112 1019 195 1043 rum
211 1007 378 1052 navium,
396 1006 484 1043 item
502 1006 758 1056 speculatoria
772 1005 935 1055 navigia,
951 1005 1134 1042 militibus
1154 1018 1259 1042 com-

111 1068 207 1118 pleri
231 1069 368 1118 jussit;
397 1076 450 1110 et,
470 1080 565 1118 quos
585 1067 801 1104 laborantes
818 1075 1085 1116 conspexerat,
1107 1066 1150 1103 iis
1169 1067 1259 1104 sub·

113 1127 208 1165 sidia
226 1127 488 1165 submittebat.
523 1127 668 1172 Nostri,
683 1127 791 1164 simul
813 1128 850 1163 in
865 1127 973 1163 arido
989 1128 1261 1175 constiterunt,

111 1189 189 1227 suis
208 1189 385 1227 omnibus
404 1189 633 1231 consecutis,
657 1189 695 1225 in
715 1189 844 1225 hostes
864 1188 1047 1238 impetum
1067 1187 1260 1235 fecerunt,

110 1257 227 1300 atque
247 1264 312 1288 eos
333 1252 370 1287 in
403 1250 533 1300 fugam
568 1250 781 1290 dederunt:
813 1261 940 1300 neque
959 1249 1110 1298 longius
1130 1261 1262 1299 prose-

112 1312 177 1362 qui
192 1318 417 1364 potuerunt,
438 1312 539 1362 quod
561 1313 708 1362 equites
728 1320 881 1349 cursum
904 1319 1051 1356 tenere,
1071 1317 1186 1361 atque
1204 1310 1263 1347 in-

110 1373 232 1411 sulam
263 1386 415 1424 capere,
438 1385 514 1410 non
534 1381 750 1423 potuerant.
821 1372 911 1409 Hoc
930 1385 1049 1409 unum
1068 1373 1117 1409 ad
1135 1372 1264 1423 primi-

113 1447 202 1472 nam
222 1434 415 1472 fortunam
437 1434 591 1471 Caesari
613 1434 746 1471 defuit.

164 1495 333 1532 XXVII.
389 1495 549 1541 Hostes,
576 1496 722 1546 proelio
742 1495 925 1546 superati,
955 1495 1065 1532 simul
1085 1501 1201 1546 atque
1220 1507 1261 1532 se

111 1571 162 1595 ex
180 1557 274 1607 fuga
292 1564 537 1607 receperunt,
570 1557 697 1593 statim
727 1556 776 1593 ad
804 1557 1009 1593 Caesarem
1036 1556 1186 1605 legatos
1212 1556 1261 1593 de

109 1632 206 1670 pace
225 1619 434 1656 miserunt:
460 1618 612 1655 obsides
633 1618 802 1663 daturos,
836 1629 1012 1668 quaeque
1038 1618 1264 1668 impertisset

112 1693 195 1718 sese
229 1680 410 1725 facturos,
443 1677 604 1729 polliciti
637 1685 736 1716 sunt.
803 1678 891 1716 Una
918 1691 1005 1715 cum
1034 1677 1092 1714 his
1123 1677 1261 1728 legatis

109 1743 322 1787 Commius,
354 1742 534 1785 Atrebas,
562 1740 679 1784 venit,
708 1751 820 1790 quem
841 1751 957 1790 supra
975 1739 1262 1776 demonstrave-

109 1817 190 1841 ram
209 1816 232 1841 a
252 1803 416 1841 Caesare
432 1802 470 1839 in
491 1801 727 1839 Britanniam
743 1801 1006 1852 praemissum.
1054 1799 1173 1837 Hunc
1193 1799 1262 1844 illi,

111 1877 132 1901 e
152 1863 237 1900 navi
258 1875 470 1912 egressum,
497 1874 612 1912 quum
644 1862 692 1898 ad
718 1873 784 1898 eos
809 1860 1052 1911 imperatoris
1078 1861 1260 1899 mandata

110 1923 314 1975 perferret,
347 1923 735 1973 comprehenderant,
763 1929 879 1972 atque
899 1921 937 1958 in
956 1921 1108 1958 vincula
1127 1923 1257 1971 conje-

111 1992 258 2023 cerant.
286 1992 382 2030 tum,
402 1983 550 2034 proelio
570 1983 687 2028 facto,
720 1983 970 2025 remiserunt3
999 1981 1096 2019 etin
1124 1990 1261 2032 peten-

109 2047 158 2084 da
176 2058 271 2097 pace
291 2048 372 2095 ejus
391 2045 447 2082 rei
466 2045 617 2094 eulpam
637 2044 675 2081 in
691 2044 976 2081 multitudinem
996 2043 1258 2089 contulerunt,

111 2114 164 2152 et,
183 2114 342 2158 propter
361 2106 654 2157 imprudentiam
668 2113 709 2142 ut
725 2106 1006 2156 ignosceretur,
1026 2104 1261 2154 petiverunt.

113 2168 268 2214 Caesar,
299 2175 470 2218 questus,
501 2166 618 2217 quod,
650 2179 767 2217 quum
804 2166 905 2203 ultro
932 2166 971 2203 in
1000 2166 1267 2203 continentem

111 2230 250 2280 legatis
268 2230 389 2267 missis
409 2241 545 2280 pacem
561 2229 608 2265 ab
622 2241 662 2265 se
677 2229 879 2278 petissent,
893 2227 1036 2264 bellum
1050 2226 1132 2264 sine
1152 2239 1262 2264 caus-

111 2300 152 2329 sa
180 2291 412 2338 intulissent,
437 2291 638 2341 ignoscere
658 2289 939 2340 imprudentiae
959 2288 1072 2335 dixit,
1092 2288 1262 2326 obsides-
