1556 2683
265 277 318 315 42
573 278 649 316 DE
690 279 872 318 BELLO
913 276 1159 319 GALLICO

318 380 389 419 IX.
445 380 559 420 Palus
592 391 675 421 orat
708 397 784 421 non
806 397 947 434 magna
976 384 1078 422 inter
1097 391 1269 423 nostrum
1301 393 1422 437 atque

263 441 430 480 hostium
452 444 679 482 exercitum.
709 445 808 482 lianc
831 445 860 481 si
880 446 999 483 nostri
1031 446 1252 492 transirent,
1286 447 1422 485 hostes

264 506 569 555 exspectabann
598 506 716 544 nostri
737 514 880 552 autem,
909 507 938 543 si
960 507 1007 545 ab
1027 507 1100 544 illis
1119 508 1268 545 initium
1291 516 1418 547 trans-

262 566 379 603 eundi
399 567 522 612 fieret,
544 574 583 603 ut
604 566 808 617 impeditos
827 567 1146 617 aggrederentur,
1162 569 1286 618 parati
1303 569 1340 605 in
1356 582 1416 606 ar-

259 626 331 663 mis
360 634 477 664 erant.
534 628 694 666 Interim
714 628 861 678 proelio
881 629 1052 679 equestri
1071 629 1171 667 inter
1190 631 1284 667 duas
1311 630 1417 669 acies

260 688 582 726 contendebatur.
638 689 713 726 Ubi
746 689 872 726 neutri
892 690 1116 726 transeundi
1150 689 1300 728 initium
1320 690 1417 728 faci-

259 755 343 794 unt,
377 749 608 788 secundiore
627 750 801 800 equitum
822 749 970 801 proelio
990 751 1142 796 nostris,
1164 751 1307 789 Caesar
1326 765 1417 791 suos

257 809 297 846 in
318 817 444 848 castra
463 811 630 849 reduxit.
687 811 832 848 Hostes
850 811 1027 861 protinus
1046 825 1096 849 ex
1113 824 1161 848 eo
1176 811 1263 850 loco
1278 812 1327 850 ad
1341 813 1414 850 flu-

257 884 345 908 men
380 872 556 909 Axonam
589 872 891 918 contentlerunt‚
922 873 1026 922 quod
1051 886 1134 910 esse
1164 880 1251 924 post
1282 881 1415 912 nostra

257 941 382 970 castra
403 933 705 971 demonstratum
727 941 798 971 est.
852 933 910 971 Ibi
931 934 1036 971 vadis
1056 935 1233 984 repertis,
1262 944 1414 986 partem

256 1007 409 1031 suarum
427 995 622 1045 copiarum
640 996 891 1033 transducere
905 995 1033 1033 conati
1049 1003 1153 1041 sunt,
1174 1008 1220 1033 eo
1237 996 1413 1044 consilio,

257 1062 300 1093 ut
320 1056 349 1092 si
370 1063 540 1107 possent,
571 1057 786 1102 castellum,
820 1056 881 1094 cui
901 1063 1077 1107 praeerat
1098 1058 1145 1099 Q.
1167 1056 1340 1096 Titurius
1358 1058 1413 1096 le-

255 1124 383 1168 gatus,
412 1126 697 1167 expugnarent,
731 1126 968 1168 pontemque
998 1118 1349 1157 interscinderent:
1382 1118 1415 1157 si

255 1180 382 1217 minus
402 1181 631 1231 potuissent,
665 1193 777 1230 agros
800 1180 1008 1218 Remorum
1035 1181 1326 1231 popularentur,
1347 1182 1414 1234 qui

254 1255 396 1293 magno
417 1242 526 1280 nobis
555 1242 638 1279 usui
668 1242 715 1279 ad
742 1242 884 1279 bellum
913 1242 1126 1292 gerendum
1154 1251 1277 1291 erant,
1307 1257 1413 1282 com-

256 1311 465 1354 meatuque
486 1311 637 1341 nostros
657 1303 922 1354 prohibei-eun

307 1364 355 1401 X.
411 1365 568 1411 Caesar,
602 1364 744 1402 certior
762 1364 889 1402 factus
921 1365 969 1403 ab
991 1363 1155 1411 Titurio,
1187 1379 1340 1404 ornnem
1369 1379 1410 1405 e-

254 1427 461 1478 quitatum,
482 1434 521 1464 et
538 1427 632 1464 levis
652 1433 870 1464 armaturae
891 1425 1094 1472 Numidas,
1116 1427 1329 1466 funditores
1350 1441 1410 1466 sa-

251 1488 520 1539 gittariosque,
553 1494 710 1538 pontem
742 1486 970 1531 transducit,
1005 1493 1120 1537 atque
1153 1487 1202 1524 ad
1221 1500 1288 1524 eos
1315 1500 1408 1525 con-

250 1549 390 1587 tendit.
449 1550 606 1586 Acriter
638 1549 675 1585 in
703 1561 750 1585 eo
777 1548 865 1585 loco
892 1555 1106 1598 pugnatum
1135 1555 1205 1585 est.
1260 1548 1409 1587 Hostes

251 1610 473 1662 impeditos,
495 1609 629 1656 nostri,
666 1609 702 1646 in
725 1608 883 1646 flumine
911 1609 1098 1658 aggressi,
1127 1622 1311 1659 magnum
1342 1623 1408 1648 eo-

250 1685 334 1710 rum
365 1685 564 1710 numerum
586 1670 827 1709 occiderunt.
873 1682 942 1720 per
967 1682 1098 1708 eorum
1133 1683 1309 1721 corpora,
1347 1683 1407 1709 re-

249 1733 390 1785 liquos,
411 1732 664 1772 audacissime
685 1731 845 1769 transire
866 1737 1065 1777 conantes,
1085 1732 1331 1771 multitudine
1348 1741 1407 1771 te-

249 1795 374 1833 lorum
393 1795 641 1847 repulerunt;
669 1793 826 1844 primOS‚
865 1792 929 1843 qui
950 1793 1195 1840 transierant,
1229 1794 1407 1845 equitatu

249 1858 549 1903 circumventos,
579 1855 872 1893 interfecerunt.
931 1854 1087 1900 Hostes,
1121 1855 1184 1893 ubi
1207 1863 1247 1893 et
1266 1857 1313 1894 de
1334 1869 1405 1894 ex-

246 1919 457 1969 pugnando
477 1917 635 1968 oppid0‚
656 1923 694 1953 et
714 1915 762 1953 de
775 1914 934 1953 flumine
954 1917 1202 1963 transeundo,
1234 1931 1342 1969 spem
1361 1931 1404 1956 se

246 1981 428 2019 fefellisse
458 1979 749 2023 intellexerunt,
781 1989 908 2028 neque
940 1985 1090 2015 nostros
1125 1979 1162 2016 in
1182 1979 1309 2017 locum
1332 1979 1403 2016 ini-

247 2043 421 2094 quiorem
452 2040 632 2093 progredi
664 2039 863 2090 pugnandi
896 2051 1032 2076 caussa
1060 2038 1253 2085 viderunt,
1284 2047 1402 2091 atque

244 2104 348 2155 ipsos
367 2117 428 2141 res
442 2101 694 2140 frumentaria
714 2101 881 2139 deficere
902 2101 1050 2150 coepit;
1080 2101 1243 2139 concilio
1259 2114 1402 2139 convo-

247 2174 348 2210 cato,
388 2165 688 2208 constituerunt,
725 2162 910 2212 optimum
949 2175 1046 2207 esse,
1096 2162 1251 2200 domum
1289 2176 1400 2202 suam

245 2240 439 2278 quemque
459 2226 615 2270 reverti,
634 2233 687 2270 et,
717 2237 880 2275 quorum
897 2223 935 2260 in
954 2223 1048 2261 fines
1068 2224 1232 2274 primum
1256 2224 1399 2262 Roma-

243 2288 283 2325 ni
303 2289 517 2326 exercitum
538 2286 857 2329 introduxissent,
888 2285 934 2322 ad
957 2298 1022 2323 eos
1041 2285 1306 2324 defendendos
1327 2299 1399 2324 un-

243 2349 360 2401 dique
379 2349 655 2394 convenirent3
683 2356 726 2386 ut
745 2347 873 2401 potius
892 2347 931 2384 in
950 2348 1042 2395 suis,
1071 2361 1186 2400 quam
1205 2348 1244 2387 in
1263 2347 1402 2386 alienis
