1556 2683
253 213 303 248 60
559 208 633 246 DE
671 208 849 246 BELLO
890 207 1133 246 GALLICO

254 319 388 350 tenent
407 312 490 362 ipsi,
524 325 656 349 omnes
681 312 776 357 fere,
806 311 869 362 qui
890 325 936 348 eo
955 311 1048 348 mari
1069 311 1123 349 uti
1144 316 1392 354 consuerunt,

252 373 396 410 habent
417 373 635 423 vectigales.
700 374 763 409 Ab
784 372 827 409 iis
852 372 894 409 fit
913 372 1061 409 initium
1087 371 1275 409 retinendi
1311 370 1394 408 Silii

251 442 367 485 atque
382 434 544 479 Velanii,
558 434 661 484 quod
676 446 744 483 per
759 446 824 470 eos
837 446 925 470 suos
938 445 977 470 se
992 433 1156 478 obsides,
1169 446 1265 482 quos
1282 433 1393 470 Cras-

250 508 292 533 so
324 496 530 538 dedissent,
568 501 861 544 recuperaturos
893 493 1174 531 existimabant.
1241 493 1396 530 Horum

249 555 479 594 auctoritate
511 555 661 592 finitimi
680 554 850 600 adducti,
881 561 923 592 ut
942 562 1030 591 sunt
1049 553 1249 590 Gallorum
1269 553 1397 592 subita

249 625 289 655 et
308 617 507 667 repentina
535 616 705 661 consi11a‚
725 617 859 655 eadem
875 616 922 652 de
943 628 1076 653 caussa
1096 615 1280 652 Trebium
1301 614 1395 650 Ter-

248 677 506 727 rasidiumque
525 677 714 714 retinent:
748 683 800 721 et,
822 676 999 714 celeriter
1017 676 1139 713 missis
1158 675 1307 725 legatis,
1327 687 1396 724 per

247 751 335 776 suos
354 738 546 789 principes
566 738 665 775 inter
683 750 724 775 se
745 740 960 787 conjurant,
981 737 1088 782 nihil,
1109 736 1180 773 nisi
1200 735 1394 773 communi

250 800 424 843 consilio,
444 806 612 844 acturos,
637 799 880 848 eundemque
901 811 1031 835 omnes
1050 798 1226 835 fortunae
1247 797 1393 835 exitum

250 873 332 897 esse
352 860 495 897 laturos
511 875 519 902 3
538 859 782 909 reliquasque
797 859 970 896 civitates
990 859 1211 904 sollicitant,
1228 866 1269 895 ut
1290 858 1327 894 in
1348 870 1394 894 ea

248 921 440 965 libertate,
474 932 586 970 quam
613 933 635 956 a
654 920 861 970 majoribus
889 919 1123 970 acceperint,
1156 931 1396 969 permanere,

249 995 363 1032 quam
377 980 638 1018 Romanorum
651 981 873 1018 servitutem
889 981 1076 1030 perferre,
1095 980 1265 1017 mallent.
1304 979 1396 1017 Om-

247 1043 287 1079 ni
307 1055 374 1080 ora
392 1042 581 1079 maritima
596 1042 773 1078 celeriter
789 1042 837 1078 ad
856 1055 962 1079 suam
983 1042 1210 1079 sententiam
1229 1042 1394 1092 perduc-

248 1111 302 1149 ta,
322 1117 563 1144 communem
580 1103 810 1154 legationem
830 1103 878 1140 ad
899 1103 941 1140 P.
963 1104 1141 1140 Crassum
1161 1103 1333 1149 mittunt,
1356 1103 1396 1140 Si

247 1165 340 1204 velit
359 1178 446 1202 suos
465 1164 651 1215 recipere,
672 1164 824 1201 obsides
843 1164 914 1200 sibi
929 1164 1113 1201 remittat.

299 1226 369 1263 IX.
425 1226 573 1268 Quibus
588 1226 636 1263 de
651 1226 765 1262 rebus
782 1225 923 1262 Caesar
937 1226 984 1262 ab
999 1226 1136 1263 Crasso
1157 1225 1297 1263 certior
1318 1226 1396 1265 fac-

248 1297 322 1334 tus,
344 1288 447 1338 quod
466 1287 546 1337 ipse
559 1286 870 1336 abemtlongius,
890 1299 1005 1323 naves
1020 1287 1170 1324 interim
1184 1287 1318 1337 longas
1333 1302 1397 1326 ae-

248 1350 394 1387 dificari
415 1351 450 1387 in
471 1349 628 1386 flumine
655 1348 800 1398 Ligeri,
831 1348 934 1398 quod
963 1348 1089 1385 influit
1122 1348 1159 1386 in
1192 1361 1393 1395 oceanum,

248 1411 412 1460 remiges
432 1423 481 1447 ex
501 1408 698 1460 provincia
717 1408 879 1454 institui,
894 1416 1028 1446 nautas
1042 1410 1397 1461 gubernatoresque

249 1471 464 1522 comparari
492 1472 616 1520 jubet.
684 1470 757 1507 His
777 1471 890 1508 rebus
911 1470 1088 1509 celeriter
1108 1470 1398 1517 administratis,

248 1532 344 1582 ipse,
367 1545 483 1582 quum
503 1531 668 1582 primum
688 1544 757 1581 per
776 1531 865 1568 anni
885 1538 1036 1581 tempus
1055 1531 1193 1581 potuit,
1213 1532 1262 1568 ad
1287 1545 1400 1570 exer-

247 1594 366 1632 citum
388 1594 601 1632 contendit.
656 1593 810 1638 Veneti,
831 1592 1076 1642 reliquaeque
1096 1593 1187 1629 item
1208 1593 1396 1639 civitates,

248 1656 406 1705 cognito
427 1655 601 1693 Caesaris
621 1654 801 1699 adventu,
821 1654 932 1691 simul
959 1654 1075 1705 quod,
1096 1661 1279 1703 quantum
1300 1654 1339 1690 in
1358 1667 1399 1692 se

248 1717 396 1754 facinus
416 1716 668 1761 admisissent,
698 1715 978 1765 intelligebant,
1009 1715 1171 1765 legatos,
1209 1716 1312 1765 quod
1331 1729 1399 1753 no-

248 1790 337 1814 men
373 1778 476 1828 apud
512 1789 644 1814 omnes
676 1776 850 1813 nationes
887 1781 1061 1812 sanctum
1099 1774 1399 1823 inviolatumque

249 1852 401 1889 semper
418 1838 567 1883 fuisset,
597 1844 769 1875 retentos
800 1837 848 1873 ab
881 1849 935 1882 se,
956 1844 995 1873 et
1014 1836 1052 1872 in
1072 1835 1226 1872 vincula
1242 1836 1398 1884 conjec-

250 1908 309 1937 tos
325 1916 334 1943 3
353 1913 422 1950 pro
435 1899 699 1949 magnitudine
712 1897 871 1948 periculi
887 1897 1028 1934 bellum
1049 1909 1198 1947 parare,
1219 1904 1258 1933 et
1278 1895 1400 1932 maxi-

249 1974 311 1999 me
331 1974 390 2007 ea,
407 1973 505 2012 quae
525 1960 574 1997 ad
593 1972 703 1997 usum
722 1958 873 1995 navium
894 1958 1102 2008 pertinent,
1122 1957 1322 2008 providere
1338 1957 1396 1992 in-

250 2022 428 2067 stituunt,
461 2021 535 2058 hoc
554 2022 699 2069 majore
718 2032 799 2069 spe,
839 2019 942 2069 quod
975 2018 1135 2057 multum
1156 2026 1292 2056 natura
1324 2017 1399 2055 loci

251 2082 510 2120 confidebant.
565 2080 764 2118 Pedestria
790 2092 872 2117 esse
894 2080 1031 2117 itinera
1064 2080 1219 2118 concisa
1251 2086 1399 2116 aestua-

254 2144 330 2189 riis,
360 2141 644 2193 navigationem
664 2140 885 2191 impeditam
904 2149 1063 2191 propter
1087 2141 1326 2179 inscientiam
1345 2140 1399 2176 lo-

253 2218 400 2250 corum,
420 2203 732 2254 paucitatemque
746 2209 940 2252 portuum,
956 2201 1150 2238 sciebant:
1172 2214 1296 2251 neque
1312 2214 1399 2237 nos-

254 2272 332 2307 tros
352 2264 546 2302 exercitus
566 2270 722 2314 propter
740 2262 922 2299 frumenti
952 2261 1115 2311 inopiam
1137 2262 1278 2300 diutIus
1297 2262 1398 2312 apud
