1556 2683
266 196 338 236 168
557 197 631 234 DE
662 197 842 234 BELLO
873 195 1117 236 GALLICO

262 306 390 337 aetate
410 300 612 347 consectis,
641 315 717 338 non
738 301 972 346 mulieribus,
992 314 1070 338 non
1101 300 1307 337 infantibus
1339 313 1406 351 pev'

261 368 481 410 percerunt.
517 362 696 412 Denique
716 376 764 400 ex
781 362 883 399 omni
903 375 948 399 eo
969 375 1140 407 numero,
1161 361 1223 411 qui
1245 361 1315 398 fuit
1335 361 1408 398 eir·

265 419 361 457 citer
377 432 429 457 xL
450 421 624 468 millium,
644 422 707 458 vix
729 434 845 467 DCCC,
866 422 944 472 qui,
974 422 1095 472 primo
1116 422 1282 459 clamore
1302 421 1409 459 audi-

264 488 319 526 to,
350 493 392 518 se
412 494 461 518 ex
483 482 623 532 oppido
652 484 861 532 ejecerant,
891 482 1100 521 incolumes
1130 484 1178 520 ad
1201 483 1410 532 Vei-cinge*

262 541 427 592 torigem
460 550 731 591 pervenerunt.
785 545 891 585 Quos
925 543 1001 589 ille,
1036 545 1155 581 multa
1184 545 1260 593 jam
1282 551 1411 589 nocte,

262 602 415 639 silentio
436 616 484 639 ex
504 602 595 653 fuga
615 604 783 654 excepit,
803 604 979 654 (veritus,
1000 617 1047 641 ne
1061 617 1135 655 qua
1155 605 1193 641 in
1213 604 1346 641 castris
1362 617 1411 640 ex

264 675 396 700 eorum
415 676 604 700 concursu
621 671 659 701 et
671 664 933 702 misericordia
948 665 1050 715 vulgi
1064 665 1202 702 seditio
1222 663 1407 714 oriretur)

266 730 323 768 ut,
343 724 479 773 procul
500 724 537 760 in
555 725 614 762 via
629 725 835 775 dispositis,
855 725 1102 764 familiaribus
1122 727 1212 772 suis,
1233 725 1412 777 principi-

265 785 414 836 busque
431 786 641 832 civitatum,
659 787 905 837 disparandos
922 787 1246 838 deducendosque
1262 788 1309 824 ad
1325 800 1412 824 suos

268 855 435 893 curaret,
456 861 554 898 quae
575 848 713 898 cuique
734 848 877 886 civitati
899 862 984 899 pars
1005 856 1215 886 castrorum
1236 849 1282 886 ab
1305 848 1412 886 initio

266 908 488 945 obvenerat.

320 969 466 1006 XXIX.
521 970 683 1008 Postero
704 971 765 1008 die
786 971 949 1008 concilio
980 978 1206 1016 convocato,
1241 971 1412 1009 consola-

266 1038 328 1068 tus
350 1031 652 1083 cohortatusque
673 1040 744 1078 est,
773 1046 821 1069 ne
841 1045 881 1069 se
901 1033 1104 1069 admodum
1126 1033 1252 1070 animo
1279 1033 1415 1070 demit-

267 1100 409 1139 terent,
438 1106 534 1130 neve
556 1093 1154 1144 perturbarenturincommodo:
1184 1107 1259 1130 non
1276 1095 1415 1131 virtute

266 1167 394 1205 neque
423 1154 461 1191 in
481 1154 564 1192 acie
584 1154 719 1192 vicisse
741 1155 950 1201 Romanos,
980 1155 1048 1192 sed
1067 1155 1229 1192 artifieio
1250 1156 1419 1206 quodam-

269 1223 309 1253 et
328 1215 489 1253 scientia
508 1215 819 1266 oppugnationis,
840 1218 949 1267 cujus
968 1216 1024 1253 rei
1043 1216 1185 1253 fuerint
1204 1217 1275 1267 ipsi
1295 1217 1415 1267 impe-

268 1276 353 1313 riti:
376 1289 516 1322 errare,
537 1278 564 1314 si
583 1277 648 1327 qui
668 1277 705 1313 in
725 1277 826 1314 bello
842 1291 973 1315 omnes
989 1278 1176 1315 secundos
1190 1291 1315 1315 rerum
1331 1292 1416 1329 pro-

270 1345 407 1375 ventus
435 1346 686 1388 exspectent:
716 1338 788 1375 sibi
821 1352 1015 1389 nunquam
1048 1339 1250 1389 placuisse,
1280 1341 1416 1377 Avari-

270 1412 358 1437 cum
379 1398 548 1444 defendi‚
570 1401 678 1448 eujus
698 1398 751 1435 rei
772 1406 890 1436 testes
910 1399 1011 1449 ipsos
1038 1399 1222 1444 haberet3
1250 1400 1317 1437 sed
1338 1400 1415 1438 fae-

270 1468 352 1499 tum
372 1460 630 1511 imprudentia
649 1459 878 1510 Biturigum,
900 1467 940 1497 et
958 1460 1074 1497 nimia
1093 1461 1343 1511 obsequentia
1358 1475 1417 1498 re-

270 1522 476 1572 liquorum,
494 1521 547 1559 uti
564 1522 637 1559 hoc
651 1521 935 1558 incommodum
952 1521 1215 1571 acciperetur:
1236 1522 1273 1558 id
1290 1530 1416 1560 tamen

271 1596 311 1621 se
345 1582 522 1620 celeriter
555 1583 761 1632 majoribus
799 1582 1008 1620 commodis
1045 1590 1278 1620 sanaturum.
1317 1597 1418 1630 nam,

272 1658 369 1695 quae
389 1645 435 1681 ab
462 1643 617 1693 reliquis
638 1643 760 1681 Gaffis
780 1643 954 1681 civitates
974 1643 1232 1691 dissentirent,
1264 1645 1331 1682 has
1351 1658 1419 1682 sua

266 1706 465 1755 diligentia
484 1706 753 1755 adjuncturum
771 1720 780 1748 ;
806 1712 921 1755 atquc
939 1718 1055 1742 unum
1077 1705 1275 1743 consilium
1297 1706 1415 1744 totius

272 1766 421 1803 Galliae
450 1766 690 1817 effecturum,
725 1767 832 1815 cujus
861 1778 1050 1802 consensu
1070 1779 1117 1803 ne
1139 1766 1240 1803 orbis
1261 1767 1416 1817 quidem

273 1836 460 1864 terrarum
475 1827 595 1877 possit
615 1827 822 1863 obsistere:
843 1826 957 1876 idque
984 1840 1023 1864 se
1052 1840 1172 1877 prope
1196 1830 1274 1876 jam
1303 1827 1416 1865 effec-

274 1896 355 1926 tum
388 1889 542 1925 habere.
596 1888 749 1924 Interea
769 1901 933 1938 aequum
954 1901 1050 1933 esse,
1076 1889 1123 1925 ab
1143 1888 1187 1925 iis
1207 1890 1419 1927 communis

273 1949 407 1987 salutis
428 1963 561 1987 caussa
580 1949 788 1999 impetrari,
804 1957 843 1986 ut
860 1958 983 1986 eastra
997 1950 1144 1987 munire
1161 1951 1418 1997 instituerent,

275 2025 350 2062 quo
369 2010 517 2048 facilius
532 2010 753 2061 repentinos
768 2010 933 2047 hostium
953 2011 1115 2061 impetus
1131 2011 1317 2048 sustinere
1333 2025 1419 2062 pos-

276 2080 374 2110 sent.

325 2133 450 2170 XXX.
506 2133 593 2170 Fuit
613 2133 709 2171 haee
726 2133 846 2171 oratio
863 2147 937 2171 non
959 2134 1108 2184 ingrata
1128 2133 1271 2176 Gallis;
1300 2134 1419 2171 maxi-

273 2207 349 2239 me,
380 2194 482 2244 quod
515 2195 596 2245 ipse
625 2195 751 2233 animo
785 2208 858 2232 non
880 2195 1090 2240 defecerat,
1123 2202 1230 2232 tanto
1258 2203 1419 2245 accepto

275 2255 534 2303 incommodo,
556 2269 680 2307 neque
701 2270 740 2294 se
758 2257 794 2293 in
812 2256 1005 2294 occultum
1025 2256 1236 2303 abdiderat,
1270 2264 1309 2294 ct
1329 2269 1429 2294 cona·
