1556 2683
203 256 278 292 264
509 255 583 292 DE
630 255 807 293 BELLO
854 256 1020 294 CIV1L[

201 369 288 393 cum
312 356 481 407 iniquum
505 359 813 408 progrediuntur,
842 366 881 396 et
899 360 967 396 sub
987 367 1168 405 montem,
1200 361 1238 398 in
1258 375 1332 411 quo

196 425 279 455 erat
307 418 487 468 oppidum
521 419 684 469 positum
713 419 853 464 Ilerda,
881 420 1105 457 succedunt.
1160 420 1263 458 Hinc
1293 435 1334 459 se

197 478 369 528 recipere
398 493 513 529 quum
538 480 694 524 vellent,
727 493 856 516 rursus
885 480 937 516 illi
957 493 1005 516 ex
1032 480 1117 517 loco
1137 482 1332 531 superiore

196 545 346 576 nostros
371 540 608 590 premebant.
664 539 895 589 Praei-uptus
921 540 1027 576 locus
1048 548 1142 586 erat,
1175 548 1335 591 utraque

196 612 245 636 ex
265 607 372 649 parte
393 600 559 637 directus
579 616 588 643 ;
615 612 660 636 ac
680 606 827 637 tantum
848 600 885 636 in
905 600 1144 637 latitudinem
1164 603 1334 651 patebat,

200 666 243 696 ut
262 666 338 696 tres
358 660 566 697 instructae
601 660 779 697 cohortes
797 672 885 696 eum
905 660 1031 697 locum
1051 661 1264 710 explerent,
1295 670 1336 698 et

199 732 326 769 neque
345 720 512 757 subsidia
531 735 553 758 a
570 720 751 757 lateribus
770 720 954 765 submitti,
975 733 1099 771 neque
1119 721 1265 771 equites
1285 722 1337 759 la-

196 781 419 818 borantibus
448 781 531 818 usui
554 794 651 826 esse,
685 789 863 831 possent:
896 782 942 818 ab
963 782 1103 831 oppido
1125 790 1251 818 autem
1271 783 1336 820 de-

196 841 314 879 clivus
346 842 453 880 locus
473 842 578 879 tenui
597 841 748 891 fastigio
780 842 963 891 vergebat
992 841 1028 876 in
1058 842 1336 891 longitudinem

196 915 376 952 passuum
419 903 573 940 circiter
609 914 674 938 co.
731 902 818 939 Hac
851 901 988 938 nostris
1024 909 1106 938 erat
1135 910 1336 952 receptus:

197 963 301 1013 quod
332 976 392 1009 eo,
426 963 572 1000 incitati
604 961 744 1006 studio,
778 961 1029 998 inconsultius
1061 974 1339 1012 processerant.

198 1023 289 1060 Hoc
308 1024 552 1074 pugnabatur
569 1023 670 1066 loco,
690 1029 728 1059 et
748 1029 902 1071 propter
921 1022 1116 1071 angustias
1137 1023 1280 1073 iniquo,
1300 1030 1339 1060 et

198 1084 301 1134 quod
320 1085 389 1121 sub
410 1084 500 1134 ipsis
519 1083 712 1120 radicibus
739 1082 879 1119 montis
900 1082 1165 1128 constiterant,
1194 1091 1235 1120 ut
1254 1085 1339 1121 nul-

197 1144 276 1180 lum
295 1143 434 1182 frustra
453 1145 572 1181 telum
592 1144 629 1180 in
646 1156 710 1181 eos
730 1143 964 1180 mitteretur:
995 1151 1121 1181 tamen
1141 1144 1279 1182 virtut-e
1298 1152 1338 1182 et

196 1205 383 1254 patientia
396 1205 629 1250 nitebantur,
648 1212 762 1254 atque
779 1204 905 1241 omnia
920 1204 1075 1241 vulnera
1090 1205 1338 1242 sustinebant.

198 1265 454 1315 Augebantur
473 1266 545 1303 illis
565 1265 712 1315 copiae,
732 1272 846 1315 atque
865 1277 915 1301 ex
931 1265 1062 1302 castris
1079 1264 1256 1302 cohortes
1272 1278 1339 1316 per

198 1325 381 1375 oppidum
411 1328 546 1364 crebro
578 1326 913 1370 summittebantur,
947 1333 990 1363 ut
1014 1326 1152 1376 integri
1182 1326 1339 1364 defessis

196 1385 461 1424 succederent..
504 1387 594 1425 Hoc
614 1386 716 1424 idem
736 1387 876 1423 Caesar
892 1386 1018 1424 facere
1039 1388 1261 1437 cogebatur,
1281 1396 1337 1433 ut,

197 1448 391 1485 submissis
411 1447 449 1485 in
468 1449 633 1486 eundem
651 1448 778 1485 locum
799 1447 1035 1494 cohortibus,
1055 1448 1221 1486 defessos
1242 1449 1337 1485 reci„

199 1515 321 1558 peret.

625 1792 736 1817 FINIS
766 1792 866 1817 T0M2
896 1792 923 1817 1.

986 2318 1080 2358 Typis
1099 2318 1222 2347 Robcrti
1239 2316 1348 2348 Tullis.
