1556 2683
523 211 691 250 LIBER
744 211 834 249 VII.
1207 217 1279 254 183

123 313 252 352 multis
275 316 354 364 jam
389 315 502 352 rebus
536 315 733 365 perfidiam
769 315 996 352 Aeduorum
1030 324 1274 366 perspectam

120 375 302 420 habebat,
333 383 448 426 atque
480 376 805 414 horumdiscessu
830 376 1062 414 admaturari
1083 376 1269 415 desectio-

120 450 208 475 nem
229 437 393 474 civitatis
412 438 680 479 existimabat:
709 445 838 475 tamen
866 450 932 474 eos
951 437 1174 475 retinendos
1194 452 1271 476 non

122 498 286 542 censuit,
307 512 354 535 ne
370 508 435 535 aut
451 498 592 535 inferre
609 498 783 548 injuriam
800 498 1007 544 videretur,
1027 505 1094 535 aut
1113 498 1204 535 darc
1224 499 1271 536 ti-

119 558 234 595 moris
254 558 418 609 aliquam
448 559 718 609 suspicionem.
773 558 1077 596 Discedentibus
1107 559 1165 596 his
1187 560 1272 597 bre-

121 619 219 656 viter
246 632 314 656 sua
343 620 381 656 in
405 620 566 657 Aeduos
592 620 727 657 merita
746 620 932 670 exponit:
961 634 1056 671 quos
1089 627 1134 658 et
1161 634 1273 671 quam

124 679 289 717 humiles
318 682 546 732 accepisset,
579 681 796 731 compulsos
829 681 865 718 in
900 682 1055 732 oppida,
1092 682 1279 720 multatos

117 740 232 790 agriS,
254 741 430 778 omnibus
449 742 592 792 ereptis
612 742 746 792 copiis,
768 742 945 793 imposito
965 742 1171 793 stipendio,
1206 742 1273 779 ob-

116 801 261 839 sidibus
281 814 428 839 summa
449 816 537 840 cum
558 802 793 840 contumelia
813 802 1000 843 extortis;
1028 810 1068 840 et
1102 816 1215 853 quam
1235 803 1278 839 in.

115 861 311 900 fortunam
342 876 532 914 quamque
553 863 588 900 in
619 863 909 913 amplitudinem
944 863 1182 909 deduxisset,
1226 871 1270 901 ut

116 936 194 960 non
227 924 350 962 solum
385 924 421 961 in
443 924 645 975 pristinum
677 931 819 962 statum
853 924 1058 969 redissent,
1090 925 1159 961 sed
1192 938 1271 962 om-

114 984 219 1021 nium
253 992 469 1035 temporum
503 985 729 1035 dignitatem
764 992 802 1022 et
821 985 983 1036 gratiam
1017 985 1273 1024 antecessisse

115 1044 350 1082 viderentur.
407 1045 479 1082 His
511 1045 608 1083 datis
628 1046 832 1091 mandatis,
860 1059 926 1083 eos
945 1046 992 1082 ab
1014 1058 1054 1082 se
1075 1046 1246 1083 dimittit.

165 1107 250 1144 LV.
309 1107 581 1144 Noviodunum
598 1114 680 1144 erat
695 1106 879 1157 oppidum
899 1107 1140 1152 Aeduorum,
1161 1107 1209 1144 ad
1223 1108 1273 1144 ri-

114 1180 182 1219 pas
202 1168 354 1219 Ligeris
371 1177 588 1218 opportuno
604 1169 692 1205 loco
706 1168 887 1218 positum.
926 1168 1176 1206 Huc-Caesar
1192 1182 1273 1206 om-

114 1230 351 1267 nes'obsides
372 1230 535 1275 Galliae,
564 1229 814 1275 frumentum,
834 1229 1037 1280 pecuniam
1058 1229 1269 1279 publicam,

113 1303 270 1329 suorum
283 1298 400 1342 atque
414 1290 978 1341 exercitusimpedimentorum
993 1302 1170 1340 magnam
1182 1303 1270 1340 par-

113 1359 192 1389 tem
209 1353 426 1390 contulerat
442 1367 450 1389 :
471 1352 546 1390 huc
563 1365 742 1402 magnum
763 1364 965 1388 numerum
981 1364 1182 1401 equorum,
1200 1351 1269 1388 hu-

107 1414 172 1463 jus
191 1413 282 1451 belli
302 1426 436 1451 caussa
451 1414 488 1450 in
506 1414 616 1451 Italia
631 1420 748 1463 atque
765 1412 954 1462 Hispania
968 1413 1177 1457 coe'mtum‚
1197 1412 1272 1449 mi·.

112 1482 228 1512 serat.
296 1474 353 1512 Eo
374 1489 490 1526 quum
522 1474 752 1525 Eporedirix
787 1474 1115 1525 Virdumarusque
1147 1475 1272 1512 venis-

112 1544 212 1582 sent,
233 1536 334 1574 etde
351 1543 454 1573 statu
475 1535 944 1585 civitatiscognovissent,
971 1535 1188 1572 Litavicum
1204 1535 1270 1572 Bi-

111 1598 245 1636 bracte
266 1599 312 1636 ab
336 1598 483 1635 Aeduis
503 1605 718 1648 receptum,
750 1597 854 1647 quod
874 1605 932 1634 cst
952 1596 1136 1647 oppidum
1166 1597 1270 1647 apud

111 1671 179 1697 eos
197 1660 389 1697 maximae
409 1659 664 1704 auctoritatis,
693 1658 1045 1696 Convictoiitanem
1065 1658 1266 1708 magistra-

111 1727 223 1766 tum„
238 1733 495 1772 magnamque
513 1727 662 1770 partem
677 1727 832 1757 senatus
851 1719 902 1757 ad
920 1733 1008 1757 eum
1029 1719 1268 1765 conveni-sse,

111 1780 261 1831 legatos
289 1781 337 1820 ad
358 1780 720 1831 Vercingetorigem
740 1780 788 1817 de
808 1793 905 1831 pace
925 1787 964 1817 et
983 1779 1150 1817 amicitia
1172 1793 1266 1817 con-

113 1842 279 1880 cilianda
298 1841 453 1893 publice
472 1841 629 1884 missos;
657 1855 734 1878 non
765 1840 1150 1892 praetermittendum
1184 1848 1268 1878 tan-

111 1911 193 1941 tum
214 1903 459 1941 commodum
491 1902 821 1940 existimaverunt.
875 1902 1026 1953 Itaque,
1050 1902 1266 1939 interfectis

113 1964 336 2003 Novioduni
370 1964 609 2010 custodibus,
643 1964 786 2014 quique
806 1977 853 2001 eo
872 1963 1096 2014 negotiandi
1114 1971 1181 2000 aut
1208 1963 1268 2000 iti-

112 2026 216 2063 neris
236 2038 372 2064 caussa
400 2033 676 2071 convenerant,
703 2025 908 2076 pecuniam
928 2032 1044 2075 atque
1071 2036 1191 2074 equos
1211 2024 1268 2061 in-

114 2094 174 2125 ter
194 2099 234 2124 sc
254 2087 383 2138 partiti
401 2095 512 2129 sunt;
534 2086 686 2124 obsides
707 2086 903 2124 civitatum
922 2086 1101 2122 Bibracte
1121 2086 1167 2122 ad
1188 2099 1267 2123 ma-

113 2147 316 2198 gistratum
337 2147 586 2185 deducendos
606 2155 863 2191 curaverunt3
883 2148 1080 2198 oppidum,
1097 2147 1201 2197 quod
1220 2147 1270 2184 ab

113 2222 154 2246 se
174 2209 296 2247 teneri
327 2223 403 2246 non
425 2222 536 2260 posse
551 2209 794 2259 judicabant,
813 2222 862 2246 ne
882 2209 944 2247 cui
965 2217 1067 2246 esset
1083 2209 1164 2246 usui
1190 2208 1268 2246 Ro-

114 2270 249 2317 manis,
275 2270 532 2309 incenderunt
548 2286 558 2315 ;
576 2270 758 2308 frumenti
774 2270 879 2320 quod
897 2270 1025 2309 subito
1043 2277 1270 2321 potuerunt,
