1556 2683
551 238 716 282 LIBER
771 243 839 281 VI.
1198 244 1269 281 145

117 347 273 400 reliquis
288 349 410 386 tribus
428 347 476 385 ad
489 348 632 385 flumen
649 348 843 392 Scaldem,
858 346 961 397 quod
976 345 1100 383 influit
1120 345 1157 382 in
1178 344 1269 382 Μο-

117 416 209 455 sam,
243 417 514 461 extremasque
543 410 778 446 Arduennae
807 416 948 459 partes,
979 407 1033 444 ire
1053 407 1268 452 constituit,

116 484 191 522 quo
211 485 297 509 cum
312 470 445 522 paucis
465 471 657 521 equitibus
676 469 896 521 profectum
915 467 1182 517 Ambiorigem
1202 480 1270 505 au-

115 532 257 569 diebat.
279 531 508 576 Discedens,
524 538 608 581 post
621 531 721 568 diem
739 542 802 567 vu
817 543 901 567 sese
918 541 1160 567 reversurum
1177 542 1270 566 con-

115 593 264 630 firmat:
286 606 398 644 quarn
415 593 463 630 ad
479 593 580 629 diem
601 593 636 629 ei
656 592 812 642 legioni,
829 604 927 642 quae
944 591 980 627 in
1000 589 1189 640 praesidio
1208 602 1269 627 re-

114 653 376 704 linquebatur,
414 654 647 691 frumentum
678 652 810 690 deberi
839 652 998 690 scIebat.
1052 650 1270 688 Labienum

115 714 431 765 Treboniumque
451 715 640 759 hortatur,
667 714 698 750 si
726 713 960 764 reipublicae
991 712 1194 750 commodo
1213 711 1270 749 fa-

113 788 203 814 cere
235 776 396 826 possint,
430 776 479 813 ad
510 788 594 812 eam
626 774 728 811 diem
757 781 1021 816 1·evertantur;
1050 780 1105 818 ut,
1139 785 1269 810 rursus

112 838 398 875 communicato
418 837 593 882 consilio,
614 836 903 886 exploratisque
923 835 1092 873 hostium
1112 833 1269 871 rationi-

111 899 197 944 bus,
225 898 328 936 aliud
348 898 439 935 belli
460 898 608 936 initium
630 910 768 948 capere
789 897 949 947 possint.

165 960 352 997 XXXIV.
408 959 515 1005 Erat,
545 966 586 996 ut
606 971 721 1008 supra
740 958 1100 1004 demonstravimus,
1133 968 1273 995 manus

112 1028 219 1058 certa
248 1021 365 1065 nulla,
393 1033 471 1057 non
500 1019 699 1070 oppidum,
727 1032 804 1055 non
825 1018 1071 1069 praesidium,
1104 1018 1208 1068 quod
1227 1030 1269 1055 se

110 1082 224 1119 armis
245 1081 485 1126 defenderet,
516 1081 584 1117 sed
605 1092 739 1117 omnes
765 1080 803 1116 in
824 1087 953 1129 partes
981 1080 1153 1130 dispersa
1172 1079 1269 1116 mul-

110 1143 248 1181 titudo.
304 1142 380 1180 Ubi
400 1142 541 1191 cuique
556 1148 626 1178 aut⁴
641 1140 747 1177 vallis
762 1140 907 1185 abdita,
927 1147 993 1177 aut
1010 1140 1117 1177 locus
1137 1140 1268 1176 silves-

109 1205 191 1249 tris,
212 1211 279 1242 aut
298 1204 407 1255 palus
427 1202 624 1253 impedita,
641 1215 747 1252 spem
768 1201 948 1252 praesidii
961 1209 1026 1239 aut
1045 1201 1179 1239 salutis
1199 1201 1268 1239 ali-

110 1278 224 1316 quam
255 1265 455 1310 offerebat,
484 1263 751 1301 consederant.
807 1262 919 1300 Haec
948 1263 1034 1300 loca
1061 1262 1269 1300 vicinitati-

108 1328 180 1365 bus
200 1334 308 1365 erant
327 1333 433 1371 nota,
457 1337 716 1375 magnamque
745 1337 806 1361 res
827 1324 1065 1374 diligentiam
1094 1324 1268 1375 require-

107 1389 188 1434 bat,
216 1388 352 1426 nonin
381 1400 528 1425 summa
549 1386 744 1424 exercitus
774 1386 930 1431 tuenda,
968 1385 1135 1437 (nullum
1164 1386 1269 1424 enim

107 1457 261 1500 poterat
280 1448 467 1486 universis
484 1449 531 1486 ab
551 1446 766 1499 perterritis
786 1460 830 1484 ae
851 1447 1031 1497 dispersis
1050 1448 1268 1498 periculum

109 1510 310 1562 accidere)
361 1510 429 1548 sed
474 1510 513 1547 in
546 1508 705 1558 singulis
743 1508 926 1545 militibus
963 1509 1262 1546 conservandis:

108 1585 207 1623 quae
227 1580 356 1610 tamen
371 1584 421 1609 ex
436 1579 543 1621 parte
564 1583 624 1607 res
639 1570 687 1607 ad
703 1569 865 1606 salutem
882 1569 1078 1607 exercitus
1093 1570 1266 1620 pertine-

106 1634 185 1672 bat.
222 1647 309 1672 nam
329 1641 369 1671 et
387 1632 554 1683 praedae
575 1631 765 1681 cupiditas
786 1630 926 1667 multos
953 1630 1104 1680 longius
1125 1644 1266 1668 evoca-

108 1697 189 1742 bat,
210 1703 250 1733 et
269 1695 384 1733 silvae
404 1693 561 1731 incertis
582 1691 822 1742 occultisque
844 1690 1045 1729 itineribus
1065 1691 1263 1730 confertos

107 1756 215 1794 adire
234 1755 503 1807 prohibebant.
562 1752 601 1790 Si
621 1752 821 1802 negotium
843 1751 992 1788 confici.
1026 1752 1262 1803 stirpemque

107 1818 306 1856 hominum
335 1817 609 1854 sceleratorum
638 1813 816 1858 interfici,
850 1813 980 1858 vellet,
1012 1813 1265 1852 dimittendae

106 1880 236 1931 plures
251 1892 400 1923 manus,
416 1875 702 1926 diducendique
717 1881 826 1911 erant
838 1873 978 1911 milites
993 1875 1045 1911 :si
1062 1874 1264 1912 continere

106 1942 155 1980 ad
174 1941 284 1991 signa
302 1939 518 1990 manipulos
537 1937 667 1982 vellet,
687 1943 729 1974 ut
745 1935 921 1973 instituta
934 1936 1032 1974 ratio
1046 1943 1085 1973 et
1101 1949 1265 1973 consue-

107 2003 204 2040 tudo
233 2002 430 2040 exercitus
461 1999 625 2037 Romani
654 1998 887 2049 postulabat,
921 1998 1028 2035 locus
1066 1998 1147 2048 ipse
1180 2006 1265 2037 erat

108 2063 299 2116 praesidio
330 2061 526 2104 barbaris;
556 2073 680 2110 neque
713 2073 764 2096 ex
796 2059 952 2097 occulto
972 2058 1190 2104 insidiandi,
1223 2065 1265 2097 et

109 2125 302 2175 dispersos
318 2121 827 2171 circumveniendi‚singulis
843 2120 976 2157 deerat
990 2119 1163 2158 audacia.
1193 2121 1266 2166 At,

109 2187 148 2224 'm
167 2185 357 2235 ejusmodi
387 2184 674 2222 difficultatibus
705 2190 890 2234 quantum
910 2181 1111 2232 diligentia
1135 2181 1265 2232 provi-‘

110 2247 190 2285 deri
210 2254 377 2297 poterat,
405 2245 699 2297 providebatur;
729 2252 771 2282 ut
790 2244 919 2294 potius
938 2243 976 2279 in
996 2242 1175 2280 nocendo
1194 2242 1263 2280 ali-

109 2308 203 2360 quid
221 2309 479 2354 omitteretur,
507 2307 580 2346 etsi
599 2306 772 2345 omnium
789 2305 907 2344 animi
926 2305 975 2343 ad
995 2303 1265 2341 ulciscendum

190 2369 299 2407 ΤοΜ.
328 2369 361 2406 1.
714 2367 749 2403 T
