1556 2683
311 215 362 251 80
615 212 689 249 DE
727 211 906 249 BELLO
943 212 1187 250 GALLICO

311 314 720 353 confluentem-Mosae
736 324 774 353 et
792 317 918 353 Rheni
938 316 1214 367 pervenissent,
1234 316 1379 367 reliqua
1392 317 1456 355 su='

308 390 358 425 ga
376 376 590 426 desperata,
619 389 757 425 magno
778 390 938 414 numero
958 376 1178 422 interfecto,
1200 377 1333 427 reliqui
1355 391 1394 414 se
1415 378 1453 414 in

307 437 449 474 flumen
469 437 844 486 praecipitaverunt;
871 445 987 487 atque
1006 437 1071 482 ibi,
1088 437 1237 481 timore,
1258 436 1449 474 lassitudi-

306 512 370 544 ne,
389 498 424 534 vi
444 498 609 535 fluminis
629 499 814 548 oppressi,
842 498 1049 548 perierunt.
1103 497 1232 534 Nostri
1266 498 1314 534 ad
1335 511 1453 534 unum

306 572 439 595 omnes
459 559 683 604 incolumes,
712 559 914 609 perpaucis
934 558 1154 601 vulneratis,
1176 571 1223 594 ex
1245 558 1339 594 tanti
1360 558 1453 595 belli

306 621 458 666 timore,
491 634 606 670 quum
627 620 793 658 hostium
815 633 994 658 numerus
1025 620 1193 669 capitum
1214 631 1348 656 cnxxx
1367 620 1452 656 mil-

303 680 395 716 lium
421 680 569 726 fuisset‚
607 693 647 717 se
680 681 716 716 in
749 688 873 717 castra
905 688 1145 731 receperunt.
1201 681 1342 718 Caesar
1379 681 1451 726 his,

305 754 399 791 quos
419 741 455 777 in
477 741 609 778 castris
629 741 851 786 retinuerat,
881 742 1103 779 discedendi
1135 748 1364 791 potestatem
1395 741 1452 778 fe·-

305 802 369 839 cit.
440 801 515 846 Illi,
553 802 743 852 supplicia
779 803 1047 853 cruciatusque
1089 802 1284 839 Gallorum
1322 802 1451 848 veriti,-

304 876 465 913 quorum
485 876 598 913 agros
613 871 860 909 vexaverant,
881 877 1079 901 remanere
1099 878 1138 901 se
1152 864 1254 914 apud
1269 876 1356 900 eum
1373 864 1452 900 vel-

302 924 339 960 le
360 925 553 962 dixerunt.
609 925 682 961 His
703 926 844 962 Caesar
863 926 1079 962 libertatem
1101 925 1303 962 concessit.

353 985 460 1022 XVI.
515 985 750 1023 Germanico
766 986 869 1023 bello
890 986 1083 1031 confecto,
1112 987 1241 1023 multis
1261 987 1308 1022 de
1344 999 1451 1023 caus-

300 1047 350 1083 sis
371 1046 513 1084 Caesar
545 1047 693 1092 statuit,
730 1047 799 1083 sibi
836 1047 1013 1084 Rhenum
1046 1060 1128 1084 esse
1147 1048 1422 1084 transeundum
1439 1063 1449 1091 ;

301 1121 460 1158 quarum
483 1109 545 1145 illa
564 1108 636 1146 fuit
651 1109 873 1158 justissima,
895 1109 1011 1159 quod,
1032 1122 1148 1158 quum
1169 1109 1329 1153 videret,
1351 1108 1450 1145 Ger-

298 1183 431 1207 manos
451 1177 528 1207 tam
548 1170 661 1207 facile
682 1171 838 1219 impelli,
859 1177 901 1207 ut
920 1171 957 1206 in
980 1170 1144 1207 Galliam
1163 1170 1352 1216 venirent,
1372 1170 1451 1207 suis

298 1245 451 1282 quoque
471 1232 586 1269 rebus
617 1245 683 1269 eos
712 1232 846 1269 timere
866 1232 1000 1277 voluit,
1022 1245 1137 1281 quum
1173 1231 1449 1281 intelligerent,-

298 1300 338 1329 et
357 1306 469 1343 posse
485 1300 523 1330 et
538 1294 680 1330 audere
696 1294 826 1344 populi
850 1293 1013 1330 Romani
1034 1293 1249 1330 exercituin
1268 1293 1448 1330 Rhenum

298 1354 472 1391 transire.
528 1354 709 1391 Accessit
729 1355 856 1399 etiarn,
874 1354 977 1405 quod
997 1354 1059 1390 illa
1077 1366 1164 1404 pars
1180 1354 1373 1404 equitatus
1391 1354 1446 1391 U-

296 1415 474 1465 sipetum,
492 1423 530 1453 et
545 1415 896 1460 Tenchtherorum‚
910 1427 1022 1465 quam
1036 1427 1151 1464 supra
1166 1427 1443 1451 commemora-

295 1476 332 1512 vi
348 1477 558 1526 praedandi
577 1476 914 1526 frumentandique
931 1489 1064 1513 caussa
1081 1475 1228 1512 Mosam
1249 1477 1444 1521 transisse,

294 1551 422 1588 neque
442 1539 588 1588 proelio
610 1539 841 1583 interfuisse,
862 1545 948 1589 post
967 1537 1096 1587 fugam
1113 1549 1266 1573 suorum
1283 1549 1323 1573 se
1340 1544 1445 1574 trans

295 1599 477 1637 Rhenum
498 1601 535 1636 in
555 1601 649 1637 fines
670 1600 957 1650 Sigambrorum
979 1606 1191 1649 receperat,
1218 1611 1336 1649 Seque
1357 1612 1445 1636 cuni

293 1661 338 1698 iis
359 1664 627 1711 conjunxerat.
681 1662 745 1699 Ad
773 1674 869 1712 quos
889 1674 1006 1711 quum
1028 1661 1169 1698 Caesar
1188 1661 1348 1697 nuncios
1378 1660 1447 1697 mi-

292 1722 416 1767 sisset,
438 1723 502 1773 qui
521 1723 778 1773 postularent,
798 1736 878 1767 eos,
895 1722 958 1772 qui
973 1722 1043 1758 sibi
1057 1721 1283 1771 Galliaeque
1300 1721 1444 1758 bellum

290 1784 524 1828 intulissent,
545 1784 615 1821 sibi
642 1784 843 1829 dederent,
864 1783 1170 1833 responderunt:
1208 1783 1344 1833 Populi
1367 1783 1445 1819 Ro-

293 1844 395 1880 mani
415 1844 617 1894 imperium
639 1844 817 1881 Rhenum
839 1844 970 1880 finire:
1006 1843 1050 1888 si,
1070 1856 1110 1880 se
1130 1843 1262 1888 invito,
1283 1842 1444 1880 Germa-

290 1917 360 1941 nos
381 1905 417 1941 in
440 1904 605 1942 Galliam
626 1904 788 1942 transire
808 1918 881 1941 non
905 1918 1068 1955 acquum
1089 1904 1342 1949 existimaret,
1371 1917 1443 1941 cur

291 1966 348 2003 sui
369 1966 578 2016 quidquam
600 1979 682 2004 esse
703 1966 851 2016 imperii
885 1973 952 2003 aut
970 1965 1172 2016 potestatis
1203 1973 1306 2002 trans
1337 1965 1442 2002 Rhe-

291 2040 382 2063 num
404 2027 643 2077 postularet?
702 2027 791 2064 Ubii
812 2035 955 2072 autem,
990 2027 1052 2078 qui
1074 2027 1138 2063 uni
1160 2040 1207 2064 cx
1230 2026 1440 2063 Transrhe-

291 2088 399 2124 nanis
418 2088 467 2124 ad
487 2088 688 2126 Caesarem
710 2088 859 2138 legatos
878 2089 1073 2134 miserant,
1110 2088 1315 2125 amicitiam
1335 2088 1440 2125 fece-

291 2155 389 2193 rant,
423 2149 575 2185 obsides
597 2149 795 2194 dederant,
826 2162 1060 2199 magnopere
1095 2150 1270 2194 orabant,
1299 2156 1339 2186 ut
1369 2148 1441 2185 sihi

289 2209 473 2246 auxilium
493 2210 624 2255 ferret,
659 2210 762 2260 quod
795 2212 962 2260 graviter
982 2212 1029 2248 ab
1052 2210 1186 2248 Suevis
1216 2223 1441 2260 premeren-

291 2277 374 2314 tur;
410 2271 484 2317 vel,
504 2271 534 2307 si
555 2271 593 2307 id
612 2271 740 2309 faeere
762 2272 1080 2323 occupationibus
1100 2272 1332 2323 reipublicae
1352 2285 1443 2322 pro-c
