1576 2693
239 315 265 345 κ
669 303 981 342 PRAEFATIO

241 413 354 458 patae
382 406 636 458 reperiuntur,
669 407 815 445 etiamsi
843 408 990 445 ratione
1019 406 1174 444 defendi
1201 417 1375 458 possunt,

241 481 311 519 pro
331 467 545 518 depravatis
563 474 651 504 sunt
670 467 866 504 habendae
882 468 896 504 ἶ

293 529 416 579 Super
430 529 520 565 alias
535 527 788 572 difficultates,
809 528 944 577 quibus
962 528 1062 565 bello
1081 528 1264 568 Africano
1280 530 1377 568 Cae-

236 589 312 627 sari
331 588 632 626 conflictandum
652 594 746 632 erat,
779 587 992 624 accedebat
1018 587 1131 625 etiam
1152 589 1240 635 hoc,
1274 590 1378 640 quod

237 648 529 699 elephantorum
545 647 784 696 magnitudo,
804 646 1100 697 multitudoque,
1119 648 1279 685 militum
1296 649 1376 686 ani-

235 721 318 746 mos
347 708 543 745 detinebat
570 707 607 743 in
628 714 801 744 terrore:
830 706 891 743 cui
911 707 964 744 rei
984 714 1112 744 tamen
1141 708 1280 745 Caesar
1300 709 1375 746 hoc

235 769 381 807 invenit
399 767 620 805 remedium.
666 766 904 816 Elephantos
928 780 977 804 ex
997 767 1107 804 Italia
1126 769 1375 818 transportari

231 830 358 879 jussit,
378 842 453 880 quo
472 827 580 864 miles
600 827 844 878 speciemque
865 834 903 864 et
921 828 1099 865 virtutem
1119 829 1262 866 bestiae
1279 842 1371 879 cog-

232 897 425 934 nosceret,
453 896 491 926 et
512 888 573 925 cui
594 887 690 938 parti
711 887 880 937 corporis
900 888 981 936 ejus
1001 888 1118 925 telum
1138 888 1250 926 facile
1269 889 1373 939 adigi

233 957 377 1001 posset,
396 953 465 987 διε.
483 955 696 999 praeterea,
717 955 771 993 ut,
791 947 821 985 si
838 948 901 998 qui
917 961 966 984 ex
983 949 1146 985 hostium
1163 949 1375 999 elephantis

234 1011 337 1062 capti
352 1011 492 1056 forent,
507 1011 695 1059 jumenta,
715 1008 926 1059 elephantis
945 1021 993 1046 ex
1015 1009 1123 1046 Italia
1141 1017 1375 1059 transporta·

231 1071 282 1108 tis
311 1079 474 1117 assueta,
507 1070 714 1107 bestiarum
743 1069 1161 1125 odoremustridorem,
1190 1070 1373 1120 speciem,

228 1140 443 1182 captarum,
473 1144 549 1168 non
569 1130 874 1168 reformidarent.
939 1130 1029 1167 Hoc
1058 1138 1291 1180 postremum
1318 1131 1373 1169 sic

231 1192 411 1230 effertur:
440 1197 465 1215 “
486 1191 705 1236 Praeterea,
726 1198 768 1227 ut
782 1192 957 1240 jumenta
976 1191 1183 1228 bestiarum
1204 1191 1374 1238 odorem,

232 1258 259 1276 “
278 1253 495 1298 stridorem,
526 1251 709 1302 speciem,
742 1251 1035 1296 consuetudine,
1070 1259 1268 1302 captarum
1296 1265 1374 1289 non

230 1318 259 1337 ‘⁴
277 1312 620 1355 1·eformidarent;'’
655 1325 688 1349 c.
705 1313 766 1351 72.
782 1312 846 1349 ubi
865 1311 1121 1349 consuetudine
1135 1320 1193 1348 est
1205 1325 1277 1363 per
1294 1313 1373 1350 sive

220 1380 380 1426 propter
406 1372 711 1418 consuetudinem,
744 1380 782 1409 et
801 1385 887 1409 cum
916 1371 1039 1408 verbis
1060 1386 1130 1409 non
1152 1373 1370 1422 ressirmida-

228 1440 312 1472 rent
334 1434 573 1484 jungendum
594 1440 673 1470 est:
703 1440 742 1470 et
761 1432 956 1470 bestiarum
983 1438 1187 1483 captarum,
1217 1446 1292 1470 non
1313 1441 1373 1471 est

226 1494 424 1532 bestiarum
453 1508 545 1546 quae
560 1496 646 1546 jam
665 1499 740 1529 tum
760 1504 929 1529 CAPTAE
949 1504 1108 1538 ERANT,
1141 1494 1209 1530 sed
1227 1495 1369 1532 bestia-

226 1568 326 1601 rum,
346 1569 439 1606 quae
457 1555 580 1606 quovis
599 1553 729 1591 deinde
742 1559 902 1604 tempore
917 1563 1085 1590 CAPTAE
1106 1564 1283 1590 FORENT.
1324 1554 1370 1590 ln

227 1616 303 1653 hoc
324 1616 441 1653 Hirtii
460 1616 562 1660 loco,
593 1615 656 1665 qui
676 1613 767 1652 satis
786 1613 1024 1664 perspicuuS,
1053 1621 1092 1650 et
1111 1614 1295 1663 expeditu
1314 1615 1370 1652 fa-

225 1676 323 1722 cilis,
343 1677 507 1721 videtur,
526 1688 682 1726 magnas
702 1682 829 1712 tamen
850 1674 1091 1711 difficultates
1114 1674 1287 1712 Editor-es
1307 1677 1368 1714 vel

227 1737 469 1782 invenerunt,
495 1737 554 1773 vel
573 1736 643 1786 ipsi
673 1736 866 1773 crearunt.
917 1734 1000 1771 Pet.
1028 1735 1268 1781 Ciacconius,
1298 1750 1368 1786 pro

225 1798 482 1835 consuetudine
495 1803 697 1848 captarum,
717 1795 868 1845 reponit
882 1795 1139 1832 consuetudine
1157 1810 1294 1842 earum,
1308 1798 1367 1836 vel

225 1857 483 1894 consuetudine
501 1862 607 1906 capta
635 1868 773 1893 earum.
827 1854 1006 1891 Davisius
1035 1869 1083 1893 ex
1106 1856 1191 1893 MS.
1222 1857 1367 1895 Eliensi

223 1917 481 1954 consuetudine
510 1922 616 1967 capta
645 1915 852 1965 rescripsit,
885 1916 1184 1965 approbantibus
1213 1918 1365 1955 Clarkio

225 1986 265 2014 et
284 1976 573 2027 Oudendorpio.
627 1975 774 2013 Vellem
806 1976 958 2025 quidem
989 1976 1087 2013 viros
1107 1977 1242 2015 doctos
1268 1978 1366 2016 indi-

225 2039 346 2083 casse,
367 2051 443 2088 quo
458 2050 572 2074 sensu
591 2037 707 2074 verba
721 2036 978 2073 consuetudine
995 2043 1102 2087 capta
1122 2039 1365 2087 acceperint;

224 2099 327 2148 quod
356 2098 533 2148 equidem
562 2096 738 2134 hariolari
772 2109 933 2146 nequeo.
988 2096 1123 2133 Morus
1149 2098 1363 2136 inconsulte

221 2159 333 2196 satis:
382 2164 407 2181 “
429 2159 482 2203 Si,
511 2157 647 2208 inquit,
678 2156 870 2206 elephanti
893 2156 994 2206 capti
1015 2166 1121 2194 erant
1141 2171 1162 2194 a
1184 2159 1361 2203 Caesare,

222 2224 248 2241 “
268 2232 335 2256 cur
354 2232 403 2256 ex
424 2219 533 2256 Italia
553 2224 786 2268 transportat
802 2218 847 2254 ?''
883 2217 990 2266 quasi
1011 2230 1100 2254 vero
1121 2218 1362 2267 participium

219 2285 409 2329 captarum
429 2292 497 2328 per
515 2291 555 2317 se
585 2279 787 2328 quicquam
808 2277 855 2314 de
875 2283 1033 2328 tempore
1053 2277 1254 2323 indicaret,
1284 2292 1361 2328 quo

219 2346 349 2391 captae
368 2340 442 2378 dici
462 2348 630 2390 possent.
674 2339 774 2376 Tum
796 2337 929 2378 Morus
951 2346 1029 2375 tum
1053 2338 1256 2387 Obcrlinus
1276 2353 1362 2390 cap-
