1556 2683
255 272 330 307 ‘222
558 268 632 306 DE
661 267 839 305 BELLO
869 267 1113 305 GALLICO

256 374 304 410 ab
335 372 393 418 iis,
426 372 490 423 qui
521 372 691 410 locorum
721 378 905 408 noverant
939 379 1127 417 naturam,
1157 370 1392 420 potissimum

256 433 434 478 credidit,
467 433 597 470 hostes
616 433 841 482 perterritos
861 445 947 468 eum
978 433 1119 475 locum,
1149 444 1260 481 quem
1290 438 1397 480 pete-

256 494 335 538 bat,
350 494 550 543 petituros,
609 493 741 543 ltaque
759 507 846 530 cum
860 493 979 542 copiis
998 492 1047 529 ad
1064 492 1226 529 eundem
1241 497 1398 541 pontem

257 554 468 600 contendit,
479 554 769 603 equitatumque
783 560 928 591 tantum
944 554 1154 603 procedere
1163 561 1250 590 ante
1261 565 1397 602 agmen

257 614 419 664 imperat
442 614 651 662 legionum,
681 622 864 663 quantum
891 627 1007 664 quum
1023 613 1285 664 processisset,
1318 612 1400 649 sine

259 672 536 721 defatigatione
556 685 741 722 equorum
763 673 799 709 in
831 673 963 710 eadem
995 686 1036 709 se
1056 673 1245 723 reciperet
1264 680 1400 709 castra.

259 734 558 782 Consequuntur
578 733 725 783 equites
746 734 877 779 nostri,
898 741 939 770 ut
960 741 1040 770 erat
1060 741 1324 783 praeceptum,
1344 733 1400 769 in-

258 794 478 843 vaduntque
500 794 691 831 Dumnaci
712 806 863 843 agmen,
883 803 934 838 et‚
948 793 1142 842 fugientes
1161 794 1402 842 perterritos-

261 867 335 905 que
368 855 437 890 sub
466 854 623 891 sarcinis
643 854 680 890 in
712 855 847 891 itinere
879 854 1062 904 aggressi,
1090 866 1228 903 magna
1247 853 1403 903 praeda,

260 915 388 951 multis
409 914 634 960 interfectis,
667 915 877 965 potiuntur.
931 915 1005 961 Ita,
1039 927 1079 952 re
1098 916 1197 952 bene
1216 921 1340 964 gesta,
1361 926 1401 950 se

258 977 451 1027 recipiunt
470 976 507 1012 in
525 984 660 1013 castra.

314 1037 502 1074 XXVIII.
556 1037 781 1088 Insequenti
809 1046 924 1075 nocte
955 1038 1094 1075 Fabius
1122 1037 1270 1087 equites
1295 1049 1404 1087 prae-

262 1100 391 1144 mittit,
413 1099 466 1136 sic
488 1107 653 1149 paratos,
670 1107 710 1136 ut
725 1100 992 1149 confligerent,
1009 1106 1124 1150 atque
1142 1111 1253 1136 omne
1267 1111 1405 1147 agmen

259 1168 513 1206 morarentur,
535 1161 623 1197 dum
640 1168 942 1210 consequeretur
956 1162 1048 1211 ipse.
1087 1161 1207 1209 Cujus
1223 1172 1407 1210 praecep-

263 1223 311 1260 tis
333 1229 373 1258 ut
394 1234 453 1258 res
473 1229 688 1270 gereretur,
710 1223 755 1263 Q.
776 1221 888 1258 Atius
907 1221 1042 1266 Varus,
1063 1220 1281 1271 praefectus
1301 1220 1407 1270 equi-

265 1291 359 1328 tum,
380 1282 582 1332 singularis
612 1290 649 1319 et
670 1283 783 1318 animi
805 1289 843 1318 et
873 1282 1100 1331 prudentiae
1119 1281 1188 1325 vir,
1209 1294 1296 1317 suos
1317 1281 1404 1317 hor-

261 1351 378 1389 tatur,
398 1356 615 1393 agmenque
636 1343 801 1380 hostium
836 1350 1068 1380 consecutus
1097 1350 1239 1379 turmas
1267 1342 1406 1391 partim

262 1404 410 1441 idoneis
431 1404 524 1441 locis
545 1403 725 1453 disponit,
746 1404 883 1453 partim
904 1404 1076 1453 equitum
1098 1403 1282 1453 proelium
1306 1416 1409 1440 com-

261 1464 391 1501 mittit.
449 1465 633 1501 Consistit
653 1464 836 1501 audacius
852 1465 1045 1514 equitatus
1075 1463 1255 1509 hostium,
1276 1476 1410 1500 succe-

261 1525 442 1562 dentibus
462 1525 530 1561 sibi
548 1524 753 1574 peditibus,
775 1525 852 1575 qui,
872 1532 956 1562 toto
975 1525 1128 1573 agmine
1143 1525 1408 1569 subsistentes,

264 1586 455 1637 equitibus
487 1586 563 1622 suis
597 1593 732 1623 contra
763 1594 912 1622 nostros
944 1586 1071 1623 ferunt
1099 1586 1295 1622 auxilium.
1351 1585 1411 1622 Fit

265 1648 453 1699 proelium
474 1648 551 1684 acri
574 1647 797 1684 certamine.
857 1647 1029 1698 Namque
1052 1647 1185 1692 nostri,
1215 1655 1410 1697 contemp-

260 1709 307 1745 tis
327 1708 448 1758 pridie
469 1707 656 1757 superatis
678 1708 863 1752 hostibus,
893 1721 1008 1758 quum
1029 1707 1209 1757 subsequi
1241 1708 1411 1757 legiones

264 1769 541 1813 meminissent,
563 1776 599 1805 et
621 1768 765 1817 pudore
787 1768 964 1812 cedendi,
993 1775 1031 1805 et
1051 1768 1261 1817 cupiditate
1282 1781 1351 1818 per
1371 1781 1411 1805 se

265 1829 494 1867 conficiendi
516 1829 664 1878 proelii,
683 1828 886 1866 fortissime
906 1837 1041 1865 contra
1059 1829 1207 1878 pedites
1222 1829 1411 1878 proelian-

267 1898 351 1933 tur3
387 1890 610 1939 hostesque,
640 1889 730 1925 nibil
753 1890 914 1939 amplius
935 1890 1131 1940 copiarum
1165 1902 1412 1926 accessurum

268 1952 484 1996 eredentes,
517 1958 558 1987 ut
576 1950 700 2000 pridie
733 1958 1008 1999 cognoverant,
1037 1950 1189 1987 delendi
1219 1949 1412 2000 equitatus

256 2013 385 2050 vnostri
405 2012 507 2049 nacti
528 2011 769 2048 occasionem
790 2011 1030 2048 videbantur.

319 2073 470 2110 XXIX.
526 2074 654 2114 Quum
674 2071 907 2121 aliquamdiu
924 2084 1071 2107 summa
1090 2071 1338 2108 contentione
1359 2072 1413 2108 di-

268 2134 488 2177 micaretur,
509 2133 734 2169 Dumnacus
756 2132 909 2168 instruit
928 2133 1064 2178 aciem,
1092 2145 1189 2181 quae
1209 2132 1285 2169 suis
1314 2139 1414 2169 esset

268 2195 460 2245 equitibus
481 2193 643 2230 invicem
665 2193 866 2243 praesidio.
924 2193 1021 2229 Tum
1043 2200 1201 2242 repente
1218 2192 1414 2229 confertae

269 2257 440 2305 legiones
478 2256 514 2291 in
555 2261 805 2304 conspectum
838 2254 1003 2291 hostium
1041 2254 1211 2290 veniunt.
1266 2254 1414 2294 Quibus

271 2316 358 2353 visis
378 2315 576 2367 perculsae
607 2315 855 2351 barbarorum
876 2321 1038 2360 turmae,
1066 2314 1293 2365 perterritae
1313 2314 1415 2352 acies
