1556 2683
561 253 728 292 LIBER
772 253 845 291 111.
1233 255 1281 292 65

134 363 273 395 terram
294 357 551 408 pervenerint,
582 371 700 408 quum
725 359 772 395 ab
793 358 886 394 liora
914 355 996 393 fere
1016 367 1063 392 1v
1081 368 1202 406 usque
1231 355 1279 392 ad

133 420 224 457 solis
244 433 423 457 occasum
442 426 692 469 pugnaretur.

186 479 292 516 XVI.
338 481 424 521 Quo
453 479 599 529 proelio
628 479 770 516 bellum
799 479 1052 524 Venetorum,
1083 479 1279 529 totiusque

133 555 224 579 orae
245 541 470 585 maritimae,
491 540 714 578 confectum
734 548 804 578 est.
824 553 925 586 nam,
945 554 1061 590 quum
1082 540 1203 578 omnis
1218 542 1280 589 ju-

135 611 285 648 ventus,
319 614 452 639 omnes
471 601 585 638 etiam
613 601 796 650 gravioris
816 601 965 646 aetatis,
1000 601 1037 637 in
1057 601 1194 652 quibus
1214 601 1281 638 ali-

133 664 226 713 quid
246 663 394 701 consilii
413 669 479 699 aut
495 662 690 712 dignitatis
709 661 795 707 fuit,
815 675 862 699 eo
883 670 1142 700 convenerant
1158 679 1166 703 ;
1184 670 1280 709 tum,

132 724 285 761 navium
315 723 418 774 quod
448 723 588 773 ubique
608 722 746 768 fuerat,
778 723 815 759 in
835 737 952 760 unum
982 723 1109 760 locum
1140 725 1281 774 coege-

134 793 240 823 rant:
262 786 399 835 quibus
419 784 578 829 amissis,
595 784 731 834 reliqui
745 798 884 834 neque,
904 797 979 835 quo
993 797 1034 821 se
1050 785 1279 835 reciperent,

134 860 259 897 neque
281 845 604 897 quemadmodum
624 846 766 896 oppida
784 845 1052 891 defenderent,
1072 846 1280 884 habebant.

132 908 268 958 ltaque
288 920 342 952 se,
363 920 508 957 suaque
528 906 668 951 omnia,
686 906 840 944 Caesari
853 906 1106 944 dediderunt:
1127 907 1165 943 in
1185 920 1280 957 quos

132 983 178 1006 eo
210 969 363 1019 gravius
384 969 524 1005 Caesar
544 967 815 1004 vindicandum
844 968 992 1013 statuit,
1021 980 1097 1017 quo
1117 967 1279 1018 diligen-

133 1029 208 1066 tius
245 1031 283 1066 in
317 1030 506 1079 reliquum
540 1037 692 1078 tempus
721 1041 743 1064 a
770 1029 942 1065 barbaris
970 1031 1034 1078 jus
1065 1029 1280 1078 legatorum

133 1099 438 1127 conservaretur.
492 1090 642 1140 Itaque,
663 1080 766 1126 omni
786 1098 921 1127 senatu
941 1097 1093 1136 necato,
1114 1091 1279 1141 reliquos

132 1153 201 1190 sub
222 1164 366 1189 corona
385 1151 570 1188 vendidit.

184 1213 313 1250 XVII.
367 1213 472 1249 Dum
504 1213 600 1250 haec
623 1213 659 1249 in
689 1212 849 1250 Venetis
868 1221 1070 1264 geruntur,
1101 1216 1148 1256 Q.
1169 1214 1279 1252 Titu-

132 1274 209 1311 rIus
231 1274 394 1311 Sabinus
411 1286 498 1310 cum
514 1272 559 1309 iis
575 1274 708 1323 copiis,
730 1287 823 1324 quas
839 1287 862 1311 a
878 1276 1041 1312 Caesare
1060 1283 1279 1325 acceperat,

133 1334 170 1371 in
189 1334 284 1371 fines
302 1333 528 1372 Unellorum
543 1333 730 1383 pervenit.
786 1334 859 1371 His
873 1341 1050 1384 praeerat
1064 1335 1279 1381 Viridovix,

130 1409 176 1434 ac
196 1409 382 1433 summam
399 1394 547 1445 imperii
562 1396 720 1432 tenebat
735 1408 865 1432 earum
881 1396 1052 1432 omnium
1067 1395 1280 1443 civitatum,

130 1470 228 1508 quae
247 1457 489 1499 defecerant3
508 1469 558 1492 ex
574 1447 712 1506 quibus
732 1456 947 1494 exercitum
961 1469 1197 1507 magnasque
1214 1470 1280 1495 co-

129 1519 211 1570 pias
227 1519 421 1567 coegerat.
451 1517 581 1567 Atque
601 1517 660 1553 his
680 1517 812 1567 paucis
832 1517 968 1554 diebus
986 1518 1156 1563 Aulerci,
1174 1518 1279 1556 Ebu-

131 1580 292 1624 rovices,
309 1578 564 1628 Lexoviique‚
581 1585 717 1615 senatu
735 1591 804 1615 suo
825 1578 1048 1624 interfecto,
1068 1580 1172 1629 quod
1186 1592 1278 1617 auc-

130 1649 233 1679 tores
266 1640 356 1677 belli
386 1652 469 1677 esse
502 1639 697 1684 nolebant,
728 1646 856 1689 portas
890 1639 1124 1685 clauserunt,
1157 1652 1276 1690 seque

131 1717 217 1741 cum
239 1701 459 1738 Viridovice
494 1702 804 1750 conjunxerunt;
830 1713 1047 1750 magnaque
1078 1708 1280 1751 praeterea

130 1763 335 1802 multitudo
355 1761 525 1812 undique
541 1774 590 1798 ex
611 1761 738 1798 Gallia
752 1761 990 1811 perditorum
1009 1760 1206 1798 hominum
1225 1761 1278 1799 la-

129 1833 359 1875 tronumque
380 1830 654 1864 convenerant,
675 1835 770 1873 quos
790 1835 876 1872 spes
905 1822 1129 1872 praedandi,
1156 1822 1276 1859 studi-

130 1899 270 1936 umque
289 1885 472 1929 bellandi‚
492 1885 538 1921 ab
559 1884 809 1934 agricultura,
829 1891 868 1920 et
887 1882 1110 1933 quotidiano
1130 1883 1277 1929 labore,

131 1948 348 1985 revocabat.
405 1945 569 1982 Sabinus
589 1945 729 1982 idoneo
749 1944 925 1982 omnibus
951 1944 1065 1980 rebus
1085 1944 1170 1981 loco
1195 1957 1278 1981 cas-

130 2008 197 2045 tris
217 2021 300 2045 sese
321 2007 479 2049 tenebat
497 2022 505 2048 ;
538 2019 655 2056 quum
677 2006 877 2042 Viridovix
897 2012 1033 2042 contra
1051 2017 1138 2041 eum
1158 2005 1277 2042 duum

129 2068 289 2104 millium
305 2069 428 2118 spatio
449 2066 700 2112 consedisset,
721 2066 972 2117 quotidieque
992 2065 1191 2115 productis
1210 2078 1276 2103 co-

131 2129 202 2180 piis
230 2128 427 2179 pugnandi
446 2135 676 2179 potestatem
698 2127 858 2172 faceret,
879 2134 921 2163 ut
947 2128 1026 2176 jam
1051 2139 1128 2162 non
1154 2126 1277 2164 solum

132 2190 304 2227 hostibus
321 2190 357 2226 in
375 2189 676 2227 contemtionem
697 2188 860 2226 Sabinus
879 2187 1041 2233 veniret,
1072 2187 1141 2224 sed
1161 2188 1279 2225 etiam

130 2259 350 2289 nostrorum
368 2251 532 2288 militum
551 2251 711 2288 vocibus
730 2248 903 2287 nonnihil
924 2256 1169 2299 carperetur:
1194 2256 1278 2287 tan-

130 2319 285 2362 tamque
306 2312 527 2363 opinionem
541 2312 687 2350 timoris
707 2310 898 2362 praebuit,
917 2318 960 2348 ut
973 2312 1052 2360 jam
1071 2311 1120 2349 ad
1137 2311 1279 2349 vallum

210 2373 318 2410 Tou.
338 2373 370 2410 Ι.
748 2371 766 2408 Ι
