1576 2693
449 254 669 292 PRIORIS
716 253 1012 291 EDlTlONIS.
1263 251 1313 288 vii

169 365 195 382 “
215 359 392 404 dicimus,
419 359 464 404 si,
490 361 568 408 jam
589 357 843 409 principatum
864 355 1014 394 Galliae
1036 353 1209 392 obtinere
1236 366 1313 391 non

169 420 372 472 “possitis,
411 420 609 458 Gallorum
631 432 744 469 quam
768 419 1026 455 Rornanorum
1048 416 1206 466 imperia
1230 428 1316 465 per·

169 486 195 503 “
215 480 339 518 serre:
373 494 497 532 neque
518 480 694 518 dubitare
719 490 946 521 DEBEATis‚
980 477 1086 527 quin,
1118 477 1148 513 si
1170 476 1314 513 Helven

168 547 194 564 “
213 541 285 579 tios
303 541 567 591 superaverint
595 540 771 586 Romani,
801 552 877 577 una
905 552 993 576 cum
1022 537 1167 588 reliqua
1187 536 1316 573 Gallia

170 606 196 624 ‘⁴
216 601 366 638 Aeduis
385 601 600 638 libertatem
621 601 696 637 sint
724 600 937 650 erepturi.'’
976 600 1084 640 Quae
1101 598 1131 635 si
1152 610 1220 648 per
1240 605 1315 634 ter-

169 662 261 698 tiam
290 673 493 712 personam
523 661 750 706 referantur,
781 668 822 698 ut
841 659 944 710 apud
972 661 1192 703 Caesarem,
1221 657 1315 694 nihil

169 723 321 761 obstare
340 723 503 768 videtur,
525 736 600 773 quo
615 722 739 759 minus
754 722 913 758 verbum
929 719 1089 757 debeatis
1108 719 1145 756 in
1161 718 1315 756 debeant

170 783 381 820 rectissime
400 789 548 820 mutare
568 782 693 819 liceat.
749 787 775 804 ‘⁶
797 781 880 818 Hos
901 779 1082 817 seditiosa
1101 788 1216 828 atque
1244 777 1315 813 im-

169 844 288 893 proba
313 848 338 866 “
358 843 531 880 oratione
548 841 831 880 multitudinem
851 841 1063 885 deterrere,
1083 852 1130 876 ne
1146 839 1316 874 frumen-

168 910 194 927 “
213 912 295 941 tum
311 904 524 949 conferant,
545 903 649 954 quod
665 911 856 953 praestare
869 902 1007 947 dicant,
1029 901 1059 938 si
1074 903 1154 950 jam
1175 899 1315 950 princi-

171 971 196 988 “
218 973 346 1016 patum
363 965 511 1002 Galliae
527 965 701 1002 obtinere
715 978 789 1002 non
800 964 954 1016 possint,
972 962 1186 1006 Gallorum,
1203 973 1317 1011 quam

169 1031 195 1049 “
217 1026 491 1071 Romanorum,
513 1025 672 1076 imperia
692 1025 885 1076 perferre:
916 1036 1040 1074 neque
1061 1022 1235 1059 dubitare
1254 1020 1316 1058 de-

169 1092 195 1110 “
215 1087 322 1124 beant
341 1086 478 1137 quin‚''
507 1089 576 1123 &e.
630 1085 768 1137 Neque
793 1086 857 1123 hic
878 1084 1053 1123 Caesaris
1074 1084 1181 1120 locus
1209 1081 1316 1132 quic-

169 1161 281 1198 quam
310 1148 356 1185 ab
376 1147 440 1184 illo
461 1147 560 1184 Livii
581 1146 721 1193 differt,
751 1147 821 1185 nisi
842 1146 945 1197 quod
966 1146 1003 1182 in
1023 1145 1144 1182 altero
1165 1151 1316 1193 tempus

167 1221 347 1260 praesens
370 1216 586 1258 usurpatur,
615 1208 652 1244 in
672 1208 794 1245 altero
814 1208 1093 1258 imperfectum.

221 1269 356 1308 Refert
376 1270 531 1315 Caesar,
560 1269 606 1305 L.
626 1268 700 1306 111.
720 1282 754 1306 c.
774 1271 810 1306 8.
840 1274 866 1291 ‘⁴
888 1268 1059 1305 Venetos
1079 1266 1242 1304 seientia
1259 1272 1316 1303 at-

169 1336 195 1355 “
216 1344 290 1382 que
310 1344 381 1368 usu
400 1330 638 1368 nauticarum
660 1342 788 1366 rerum
809 1329 977 1379 reliquos
1006 1327 1139 1365 Gallos
1158 1333 1317 1363 antece-

169 1398 195 1415 “
216 1393 328 1435 dere3
350 1399 402 1437 et,
422 1391 460 1427 in
480 1403 621 1440 magno
641 1390 777 1441 impetu
791 1389 905 1426 maris
925 1395 1040 1439 atque
1056 1395 1203 1438 aperto,
1223 1398 1316 1436 pau-

170 1458 196 1477 “
216 1453 270 1491 cis
289 1452 502 1503 interjectis
522 1451 708 1502 portibus,
737 1463 832 1501 quos
849 1457 984 1487 tenent
1004 1450 1088 1500 ipsi,
1109 1460 1242 1485 ornnes
1260 1446 1317 1483 fe-

171 1520 197 1537 “
216 1527 272 1560 re,
293 1514 358 1564 qui
377 1527 423 1551 eo
442 1513 536 1550 mari
556 1512 612 1549 uti
632 1512 881 1557 consuerunt,
901 1511 1043 1548 habere
1064 1508 1316 1559 vectigales.''

168 1576 319 1621 Morus,
336 1574 568 1612 assentiente
584 1573 784 1617 Oberlino,
804 1571 1054 1609 libentissime
1071 1569 1317 1621 amplectitur

169 1637 240 1675 cel.
259 1636 380 1686 Lipsii
402 1636 677 1684 conjecturam,
697 1633 848 1676 ambitu,
869 1646 938 1683 pro
954 1632 1104 1682 impetu,
1125 1643 1316 1681 reponen-

167 1698 237 1735 tis:
267 1698 369 1748 quia,
390 1704 431 1733 ut
447 1696 526 1746 ipse
542 1696 607 1740 ait,
638 1700 662 1717 “
684 1707 759 1731 non
779 1693 885 1730 videt
905 1706 973 1730 cur
990 1693 1129 1730 Veneti
1149 1691 1318 1741 vectiga-

171 1763 197 1781 “
218 1758 273 1795 les
293 1757 497 1795 habuerint
516 1757 609 1793 alios
629 1756 667 1793 in
687 1755 885 1807 impetuoso
904 1754 1012 1800 mari,
1044 1767 1129 1792 cum
1151 1754 1317 1803 impetus

169 1825 196 1843 ‘⁴
216 1819 330 1856 maris
351 1826 389 1855 et
408 1817 651 1868 vectigalium
679 1816 832 1853 exactio
854 1815 957 1852 nullo
978 1829 1082 1852 nexu
1110 1816 1319 1863 conjuncta

171 1885 197 1902 “
217 1879 432 1923 videantur,
455 1891 526 1915 nee
546 1877 624 1914 ullo
643 1877 757 1914 modo
773 1876 822 1913 ad
841 1889 880 1913 se
896 1877 1059 1913 relata.’'
1099 1877 1155 1912 At
1175 1875 1222 1912 de
1242 1875 1319 1912 lec-

171 1942 277 1979 tione
305 1941 460 1991 vulgata
487 1939 734 1977 consentiunt
758 1951 890 1975 omnes
911 1939 995 1975 libri
1016 1938 1163 1988 scripti,
1192 1950 1319 1987 neque

168 2003 218 2040 ab
247 2002 305 2039 his
326 2002 373 2038 ob
394 2000 582 2051 ejusmodi
612 2001 779 2037 rationes
808 1999 991 2037 recedere
1020 1999 1220 2036 debemus.
1274 1998 1320 2034 ln

169 2076 309 2112 magno
325 2063 470 2113 impetu
486 2062 612 2107 maris,
632 2061 709 2098 sive
729 2061 927 2112 impetuoso
946 2060 1054 2106 mari,
1081 2059 1217 2111 (hodie
1233 2060 1321 2110 Bay

168 2123 389 2175 quiscay)
415 2124 548 2173 paucis
568 2123 755 2173 portubus
774 2122 999 2171 interjectis,
1020 2134 1115 2171 quos
1135 2121 1322 2157 tenebant

169 2184 324 2229 Veneti,
353 2184 555 2221 verisimile
584 2183 790 2221 admodum
820 2191 891 2227 est,
921 2195 1052 2219 omnes
1072 2181 1167 2226 fere,
1196 2180 1260 2231 qui
1282 2180 1321 2219 id

169 2259 273 2282 mare
288 2245 596 2295 frequentabant,
618 2244 854 2282 Venetorum
870 2251 1004 2295 portus
1017 2243 1086 2280 sibi
1103 2250 1235 2292 patere
1254 2255 1321 2278 vo·

169 2307 300 2352 luisse,
320 2307 368 2344 ad
389 2319 483 2356 quos
499 2307 644 2343 aditum
664 2306 867 2351 haberent,
888 2304 1181 2355 tempestatibus
1196 2304 1322 2353 jacta«
