1556 2683
275 202 361 249 62*
580 211 655 248 DE
696 211 874 249 BELLo
917 209 1160 250 GALLICO

279 314 317 350 in
338 314 585 364 Aquitaniam
617 315 807 365 proficisci
832 317 956 365 jubet,
989 328 1037 352 ne
1057 328 1106 352 ex
1125 314 1183 351 his
1202 314 1419 352 nationibus

278 375 420 412 auxilia
439 376 477 412 in
510 375 675 412 Galliam
694 376 906 422 mittantur,
926 390 970 414 ac
990 383 1119 413 tantae
1139 375 1311 413 nationes
1330 389 1421 413 con-

274 437 499 485 jungantur.
553 438 601 477 Q.
621 436 810 474 Titurium
832 438 1014 475 Sabinum
1033 438 1201 487 legatum
1224 450 1311 474 cum
1326 437 1422 487 legi-

282 497 418 533 onibus
432 508 483 534 111
500 497 539 533 in
560 497 731 543 Unellos,
753 498 1014 544 Curiosolitas,
1034 498 1317 548 Lexoviosque,
1336 498 1422 534 mit-

279 556 341 602 tit,
358 558 421 607 qui
438 570 521 595 eam
535 572 688 596 manum
700 559 955 596 distinendam
972 567 1092 596 curet.
1141 559 1192 594 D.
1207 558 1367 595 Brutum
1382 571 1421 595 a-

281 616 541 655 dolescentem
557 619 682 664 classi,
703 619 936 670 Gallicisque
956 619 1129 664 navibus,
1158 632 1251 669 quas
1271 632 1318 656 ex
1336 619 1422 656 Pic-

278 678 445 724 tonibus,
479 687 519 717 et
541 680 732 725 Santonis,
763 681 993 731 reliquisque
1012 681 1157 731 pacatis
1186 679 1420 730 regionibus,

280 740 484 777 convenire
500 743 681 791 jusserat,
701 742 894 792 praeficit;
939 750 992 787 et,
1019 755 1134 792 quum
1153 741 1316 791 primum
1336 753 1422 790 pos-

278 809 349 847 set,
378 801 415 837 in
436 801 606 839 Venetos
626 803 814 853 proficisci
831 804 953 852 jubet.
1007 803 1094 852 Ipse
1115 815 1160 839 eo
1181 801 1422 852 pedestribus

279 863 399 913 copiis
419 863 630 900 contendit.

330 923 420 960 XII.
476 923 596 961 Erant
611 924 797 974 ejusmodi
810 925 889 962 fere
909 925 1001 962 situs
1018 924 1257 975 oppidorum,
1277 931 1333 969 ut,
1354 936 1422 974 po-

278 984 351 1022 sita
369 984 408 1021 in
428 986 611 1022 extremis
641 986 794 1036 lingulis
823 986 1183 1036 promontoriisque,
1214 998 1340 1036 neque
1357 998 1423 1036 pe-

279 1046 391 1084 dibus
421 1046 567 1083 aditum
597 1047 797 1093 haberent,
826 1061 942 1098 quum
963 1060 1011 1084 ex
1040 1047 1116 1084 alto
1145 1059 1185 1084 se
1215 1053 1341 1084 aestus
1367 1046 1423 1082 in-

279 1107 489 1154 citavisset,
517 1108 621 1158 quod
638 1108 696 1145 bis
715 1108 856 1146 accidit
874 1121 1024 1158 semper
1054 1108 1234 1144 horarum
1254 1119 1317 1144 ΧΠ
1338 1120 1422 1158 spa-

279 1169 348 1214 tio,
377 1182 502 1220 neque
523 1169 695 1215 navibus,
716 1170 831 1219 quod,
851 1181 979 1206 rursus
1000 1169 1196 1205 minuente
1211 1175 1333 1213 aestu,
1355 1181 1421 1205 na-

279 1243 343 1266 ves
361 1230 399 1266 in
416 1230 518 1267 vadis
537 1229 820 1267 afflictarentur.
874 1229 934 1266 Ita
955 1236 1114 1278 utraque
1136 1241 1175 1265 re
1196 1228 1423 1278 oppidorum

279 1289 514 1339 oppugnatio
536 1289 840 1338 impediebatur:
872 1301 931 1334 ac,
951 1288 982 1325 si
1002 1288 1168 1338 quando,
1188 1288 1420 1338 magnitudi-

277 1364 325 1387 ne
346 1350 471 1400 operis
488 1350 586 1387 forte
606 1350 788 1400 superati,
815 1357 971 1387 extruso
992 1351 1085 1386 mari
1105 1362 1246 1399 aggere
1278 1363 1322 1386 ac
1342 1363 1422 1387 mo-

277 1412 390 1456 libus,
423 1418 539 1461 atque
572 1411 630 1448 his
660 1411 780 1448 ferme
814 1411 943 1461 oppidi
963 1411 1161 1447 moenibus
1187 1410 1423 1460 adaequatis,

278 1472 356 1508 suis
371 1471 532 1509 fortunis
559 1471 761 1521 desperare
778 1479 1000 1520 coeperant,
1020 1483 1160 1520 magno
1180 1483 1339 1507 numero
1358 1483 1424 1508 na-

278 1533 379 1569 vium
409 1533 581 1583 appulso,
618 1534 725 1581 cujus
756 1531 809 1568 rei
840 1544 1025 1569 summam
1055 1531 1279 1569 facultatem
1307 1531 1424 1568 habe-

278 1594 385 1639 bant,
413 1607 481 1631 sua
500 1594 754 1644 deportabant
774 1594 913 1638 omnia,
945 1605 1063 1643 seque
1094 1592 1131 1628 in
1151 1591 1326 1642 proxima
1357 1605 1423 1642 op-

278 1655 369 1705 pida
386 1655 636 1705 recipiebant.
665 1655 716 1691 ibi
737 1667 777 1691 se
797 1666 926 1690 rursus
957 1653 1091 1691 iisdem
1125 1652 1422 1703 opportunitati-

278 1717 349 1753 bus
369 1715 445 1752 loci
465 1715 735 1752 defendebant.
779 1714 890 1751 Haec
910 1727 956 1751 eo
975 1713 1123 1751 facilius
1144 1726 1321 1763 magnam
1337 1726 1423 1764 par-

279 1783 357 1813 tem
378 1776 531 1812 aestatis
551 1775 756 1820 faciebant,
789 1775 892 1825 quod
910 1782 1062 1811 nostrae
1083 1787 1196 1812 naves
1218 1781 1423 1824 tempesta-

279 1836 381 1873 tibus
401 1836 693 1877 detinebantur;
713 1847 935 1885 summaque
956 1842 1039 1871 erat
1057 1842 1163 1872 vasto
1178 1841 1293 1884 atque
1315 1848 1424 1886 aper-

280 1904 319 1934 to
339 1897 447 1942 mari,
478 1897 626 1946 magnis
645 1896 827 1942 aestibus,
856 1896 949 1933 raris
968 1908 1013 1933 ac
1033 1908 1153 1946 prope
1175 1895 1287 1933 nullis
1305 1896 1423 1948 porti-

278 1957 362 2001 bus,
391 1956 591 1994 difficultas
610 1957 825 2007 navigandi.

332 2018 444 2055 XIII.
500 2019 674 2069 Namque
707 2019 874 2069 ipsorum
907 2031 1022 2055 naves
1052 2019 1100 2055 ad
1130 2018 1233 2056 hunc
1265 2018 1422 2056 modum

280 2080 407 2117 factae
438 2087 684 2130 armataeque
713 2087 833 2117 erant.
906 2079 1068 2117 Carinae
1087 2080 1281 2130 aliquanto
1300 2081 1422 2130 plani-

281 2154 380 2186 ores,
411 2153 524 2191 quarn
555 2150 770 2177 nostrarum
792 2140 957 2185 navium,
991 2153 1066 2190 quo
1085 2140 1234 2178 facilius
1263 2141 1359 2178 vada
1378 2154 1423 2178 ac

281 2202 480 2238 decessum
500 2208 628 2238 aestus
647 2203 827 2251 excipere
847 2208 1027 2251 possent:
1059 2214 1195 2252 prorae
1215 2202 1420 2239 admodum

282 2270 447 2308 erectae,
482 2269 596 2313 atque
617 2262 706 2301 item
726 2275 887 2313 puppes,
918 2262 967 2300 ad
996 2263 1298 2313 magnitudinem
1327 2263 1422 2301 fluc-
