1556 2683
559 235 725 273 LIBER
774 235 828 273 ΙΙ.
1242 242 1293 282 55

147 339 271 386 factis,
291 346 356 377 aut
374 338 577 377 viminibus
593 339 764 386 intextis,
784 350 881 390 quae
896 339 1037 386 subito,
1057 347 1099 378 ut
1112 341 1294 391 temporis

146 401 338 451 exiguitas
358 400 588 451 postulabat,
609 401 771 450 pellibus
791 399 1022 438 induxerant
1038 417 1047 444 ;
1066 402 1178 439 tertia
1197 403 1292 453 vigi-

143 462 206 507 lia,
226 474 301 512 qua
319 461 473 498 minime
492 462 633 498 arduus
652 461 701 498 ud
720 468 866 498 nostras
881 461 1114 499 munitiones
1132 463 1291 500 adscen-

143 535 206 560 sus
222 522 434 568 videbatur,
456 522 632 558 omnibus
648 522 767 572 copiis
783 530 942 572 repente
959 536 1007 560 ex
1024 523 1164 573 oppido
1177 537 1290 575 erup-

144 584 287 621 tionem
300 583 485 621 fecerunt.
532 584 732 629 Celeriter,
750 591 790 620 ut
805 591 894 621 ante
912 585 1054 622 Caesar
1068 585 1290 636 imperarat,

143 645 294 695 ignibus
327 644 607 695 significatione
627 644 743 691 facta,
777 658 826 682 ex
847 646 1031 696 proximis
1058 647 1224 684 castellis
1243 660 1290 686 eo

141 718 372 744 concursum
391 711 474 742 est:
503 713 791 756 pugnatumque
811 706 857 743 ab
876 706 1050 744 hostibus
1069 707 1121 745 ita
1136 708 1289 754 acriter,

139 775 182 804 ut
201 779 223 804 a
240 766 329 803 viris
348 765 524 813 fortibus,
546 766 583 803 in
599 774 772 804 extrema
790 779 857 816 spe
870 766 1017 813 salutis,
1037 767 1168 818 iniquo
1187 767 1289 814 loco,

139 835 274 866 contra
288 840 368 873 eos,
389 827 453 878 qui
469 840 518 865 ex
532 827 629 865 vallo
644 828 886 879 turribusque
902 829 1176 878 telajzoeerent,
1192 844 1288 880 pug-

137 890 219 927 nari
251 889 398 934 debuit,
428 902 544 939 quum
565 888 601 925 in
632 902 708 926 una
735 888 876 926 virtute
905 890 1026 927 omnis
1045 903 1131 940 spes
1158 891 1289 929 salutis

138 950 378 988 consisteret.
433 949 582 988 Occisis
603 951 650 988 acl
669 950 865 987 hominum
887 951 1052 988 millibus
1074 963 1132 997 lv,
1153 951 1290 1002 reliqui

136 1011 175 1048 in
195 1011 377 1062 oppidum
395 1011 529 1062 rejecti
545 1018 646 1048 sunt.
693 1011 884 1049 Postridie
903 1013 985 1062 ejus
1005 1012 1094 1058 diei,
1114 1012 1288 1050 refractis

135 1073 268 1123 portis,
302 1086 418 1123 quum
433 1074 512 1122 jam
532 1072 758 1110 defenderet
777 1085 904 1118 nemo,
925 1080 1041 1123 atque
1061 1074 1287 1111 intromissis

134 1134 316 1171 militibus
351 1133 504 1180 nostris,
541 1134 753 1171 sectionem
786 1135 870 1183 ejus
902 1134 1033 1184 oppidi
1069 1135 1287 1175 universam

136 1195 277 1233 Caesar
296 1194 481 1232 vendidit.
536 1196 599 1232 Ab
620 1194 692 1241 his,
726 1195 791 1245 qui
811 1203 997 1241 emerant,
1028 1195 1196 1246 capitum
1216 1210 1286 1234 nu-

134 1269 262 1294 merus
281 1257 328 1294 ad
350 1269 438 1294 eum
457 1256 599 1294 relatus
620 1264 678 1293 est
696 1256 855 1293 millium
877 1268 972 1293 ΜΠ.

184 1317 369 1355 XXXIV.
426 1317 573 1355 Eodem
594 1325 804 1367 temporea
823 1317 866 1355 P.
889 1318 1041 1363 CrassQ
1061 1331 1175 1369 quem
1196 1332 1284 1358 cum

131 1380 284 1431 legione
315 1392 390 1417 una
408 1379 563 1417 miserat
583 1379 631 1416 ad
662 1379 844 1424 Venetos,
876 1379 1051 1427 Unellos,
1082 1380 1284 1428 Osismios,

132 1441 398 1486 Curiosolitas,
413 1441 606 1486 Sesuvios,
622 1441 826 1486 Aulercos,
844 1441 1069 1488 Rhedones,
1082 1455 1179 1492 quae
1195 1450 1285 1485 sunt

131 1500 344 1538 maritimae
374 1500 560 1546 civitates,
608 1513 872 1552 oceanumque
899 1503 1108 1552 attingunt,
1142 1505 1284 1542 certior

130 1561 255 1599 factus
286 1570 357 1607 est,
389 1575 521 1599 omnes
541 1574 604 1600 eas
633 1562 807 1600 civitates
836 1562 875 1599 in
895 1563 1080 1601 ditionem
1112 1571 1283 1615 potesta-

130 1630 286 1673 temque
306 1623 438 1674 populi
462 1623 624 1660 Romani
644 1636 727 1661 esse
747 1624 934 1661 redactas.

180 1683 345 1721 XXXV.
403 1685 474 1722 His
512 1685 625 1722 rebus
661 1685 792 1735 gestis,
830 1686 933 1722 omni
966 1685 1094 1724 Gallia
1128 1694 1281 1737 pacata,

128 1751 237 1782 tanta
266 1745 380 1795 hujus
399 1746 490 1784 belli
522 1746 570 1783 ad
589 1746 772 1783 barbaros
802 1746 932 1797 opinio
955 1747 1102 1797 perlata
1122 1755 1194 1794 est,
1225 1750 1280 1787 uti

128 1807 175 1843 ab
202 1806 307 1855 [his]
344 1807 574 1854 nationibus,
604 1819 700 1857 quae
720 1814 823 1844 trans
844 1807 1023 1845 Rhenum
1053 1808 1281 1856 incolerent,

128 1870 374 1908 mitterentur
392 1871 510 1922 legati
539 1871 588 1909 ad
608 1872 826 1917 Caesarem,
858 1884 956 1922 quae
975 1885 1016 1909 se
1036 1873 1189 1910 obsides
1215 1874 1281 1911 da-

128 1938 247 1978 turas,
281 1932 468 1983 imperata
494 1933 676 1978 facturas,
707 1932 996 1983 pollicerentur.
1052 1936 1158 1976 Quas
1177 1935 1281 1984 lega-

127 1992 250 2030 tiones
272 1994 426 2039 Caesar,
456 1995 558 2044 quod
578 1993 615 2030 in
636 1994 784 2031 Italiam
804 1993 1078 2046 Illyricumque
1099 2009 1281 2046 propera-

127 2053 206 2099 bat,
239 2054 333 2092 inita
351 2055 529 2105 proxima
548 2062 694 2093 aestate
712 2055 762 2093 ad
780 2068 822 2092 se
841 2056 983 2093 reverti
997 2056 1124 2106 jussit.
1177 2057 1286 2107 Ipse,

126 2114 164 2151 in
187 2116 390 2162 Carnutes,
413 2117 561 2163 Andes,
584 2117 850 2167 Turonesque‚
879 2130 977 2167 quae
998 2117 1172 2156 civitates
1191 2131 1282 2168 pro-

125 2175 293 2227 pinquae
326 2178 384 2215 his
404 2178 499 2219 locis
519 2185 642 2224 erant,
663 2177 728 2216 ubi
746 2177 891 2215 bellum
911 2187 1097 2228 gesserat,
1117 2179 1280 2229 legioni-

126 2237 197 2274 bus
218 2238 256 2274 in
276 2239 436 2278 hiberna
456 2240 646 2285 deductis,
667 2240 705 2277 in
720 2239 871 2278 Italiam
887 2239 1085 2290 profectus
1105 2247 1176 2277 est.
1217 2239 1286 2281 Ob·

127 2310 266 2348 easque
287 2313 360 2346 reS‚
381 2314 431 2341 ex
450 2300 570 2337 literis
586 2301 774 2346 Caesaris,
796 2300 877 2337 dies
892 2313 950 2338 xv
965 2300 1195 2351 supplicatio
1214 2301 1285 2340 (18·-

129 2367 236 2398 creta
254 2367 333 2405 est;
361 2362 465 2412 quod
485 2369 574 2399 ante
595 2362 634 2399 id
653 2370 805 2413 tempus
832 2362 1028 2400 acciderat
1046 2362 1153 2400 nulli.
