1556 2683
321 225 372 259 82
628 224 701 260 DE
743 223 920 261 BELLO
961 224 1206 263 GALLICO

322 325 565 375 cratibusque
594 330 964 364 consternebantur:
1001 340 1046 365 ac
1066 328 1185 365 nihilo
1205 328 1330 365 secius
1350 328 1468 366 subli-

319 398 386 424 cae
403 394 441 423 et
453 387 500 423 ad
518 386 735 424 inferiorem
756 396 903 437 partem
919 389 1085 426 fluminis
1102 389 1280 439 obliquae
1300 391 1468 440 ageban-

319 455 394 493 tur,
415 461 525 497 quae,
560 461 628 498 pro
648 448 794 498 pari-cte
814 450 1024 498 subjectae,
1055 457 1095 486 et
1115 462 1203 486 cum
1223 451 1327 487 omni
1348 464 1467 501 opere

323 511 567 558 conjunctae,
602 510 674 544 vim
706 509 872 546 fluminis
900 510 1155 562 exciperent:
1193 518 1232 548 et
1259 512 1354 548 aliae
1380 512 1472 548 item

319 582 433 619 supra
452 578 607 619 pontem
630 570 813 607 mediocri
833 571 970 620 spatio,
1004 579 1060 617 ut,
1080 571 1111 608 si
1131 572 1310 609 arborum
1328 572 1471 618 trunci,

320 630 398 666 sive
419 643 533 667 naves
554 630 761 679 deJ'iciendi
782 631 906 681 operis
935 640 1061 669 essent
1081 645 1104 669 a
1122 633 1298 670 barbaris
1318 633 1471 679 missae,

317 690 376 727 his
406 690 671 728 defensoribus
702 704 832 728 earum
862 705 988 729 rerum
1020 693 1076 730 vis
1106 693 1357 740 minueretur,
1391 706 1469 731 neu

317 753 425 801 ponti
454 759 656 789 nocerent.

370 812 521 849 XVIII.
573 813 721 850 Diebus
735 825 772 859 x,
790 814 926 863 quibus
939 815 1099 852 materia
1113 822 1252 865 coepta
1267 823 1349 853 erat
1365 829 1471 854 com-

317 875 476 925 portari,
512 874 614 911 omni
635 887 751 924 opere
784 874 934 921 effecto,
967 876 1162 913 exercitus
1194 877 1470 915 transducitur.

318 935 474 981 Caesar,
508 936 556 972 ad
588 942 787 985 utramque
820 943 967 985 partem
1002 937 1130 987 pontis
1148 937 1258 974 firmo
1277 938 1471 987 praesidio

317 997 468 1041 relicto,
490 997 526 1033 in
546 997 641 1033 fines
676 997 961 1046 Sigambrorum
996 998 1209 1035 contendit.
1265 998 1427 1036 Interim
1447 1011 1470 1037 a

318 1058 579 1109 compluribus
595 1057 814 1094 civitatibus
827 1058 874 1094 ad
891 1071 977 1094 eum
993 1058 1109 1108 legati
1124 1059 1297 1105 veniunt,
1314 1060 1466 1109 quibus,

314 1132 450 1170 pacem
466 1127 581 1169 atque
600 1118 805 1156 amicitiam
825 1119 1060 1169 petentibus,
1080 1120 1287 1157 liberaliter
1307 1133 1466 1171 respon-

316 1180 387 1226 dit,
407 1180 636 1230 obsidesque
652 1179 700 1216 ad
720 1191 759 1216 se
779 1179 918 1216 adduci
935 1180 1059 1229 jubet.
1117 1184 1169 1217 At
1192 1181 1395 1231 Sigambri,
1416 1195 1467 1219 ex

316 1256 363 1280 eo
383 1247 571 1292 tempore,
592 1254 667 1291 quo
686 1253 782 1290 pons
802 1240 947 1277 institui
968 1248 1130 1291 coeptus
1156 1250 1228 1288 est,
1248 1242 1341 1293 fuga
1360 1256 1466 1280 corn-

315 1311 463 1354 parata,
490 1302 731 1339 hortantibus
751 1301 795 1338 iis
814 1314 909 1351 quos
928 1314 976 1338 ex
1000 1303 1253 1341 'I‘enchtheris
1274 1310 1392 1354 atque
1414 1304 1469 1342 U-

315 1364 502 1415 sipetibus
521 1363 623 1413 apud
643 1375 683 1399 se
703 1362 909 1407 habebant,
940 1362 1079 1400 finibus
1107 1364 1184 1401 suis
1205 1372 1470 1412 excesserant,-

316 1437 461 1475 suaque
477 1423 605 1461 omnia
624 1429 935 1473 exportaverant,
964 1434 1081 1473 seque
1101 1423 1139 1460 in
1159 1416 1404 1462 solitudinem
1423 1438 1470 1463 ac

315 1485 429 1522 silvas
448 1485 686 1522 abdiderant.

368 1548 478 1584 XIX.
533 1546 688 1591 Caesar,
713 1558 859 1596 paucos
877 1545 958 1582 dies
978 1545 1016 1582 in
1036 1559 1168 1583 eorum
1184 1547 1322 1584 finibus
1340 1560 1466 1585 mora-

315 1617 392 1655 tus,
413 1608 589 1646 omnibus
601 1607 694 1644 vicis
714 1606 973 1656 aedificiisque
994 1607 1172 1654 incensis,
1187 1608 1465 1660 frumentisque

317 1670 490 1715 succisis,
515 1681 556 1705 se
575 1668 613 1704 in
633 1668 728 1705 fines
749 1667 940 1705 Ubiorum
959 1668 1121 1718 recepit,
1149 1676 1278 1719 atque,
1307 1670 1351 1707 iis
1371 1683 1467 1707 aux-

315 1731 422 1768 ilium
442 1743 551 1767 suum
572 1729 777 1780 pollicitus,
799 1729 829 1765 si
849 1729 895 1765 ab
914 1728 1048 1765 Suevis
1066 1739 1347 1779 premerentur,
1367 1732 1464 1769 haec

315 1793 362 1829 ab
383 1792 427 1828 iis
448 1791 630 1841 cognovit
646 1805 654 1827 :
678 1790 836 1835 Suevos,
855 1797 1103 1840 posteaquam
1118 1803 1186 1841 per
1200 1792 1466 1842 exploratores

314 1860 473 1903 pontem
494 1852 574 1888 fieri
596 1851 885 1902 comperissent,
905 1863 1010 1887 more
1025 1863 1107 1896 suo,
1128 1852 1296 1890 consilio
1317 1853 1463 1899 habito,

313 1914 479 1951 nuncios
498 1914 536 1950 in
556 1926 688 1950 omnes
707 1921 836 1963 partes
855 1912 1056 1958 dimisisse,
1086 1913 1140 1949 uti
1160 1913 1208 1950 de
1228 1914 1376 1964 oppidis
1397 1914 1464 1952 de-

313 1975 535 2025 migrarent,
555 1975 709 2019 liberos,
729 1986 883 2019 uxoreS,
904 1986 1048 2023 suaque
1064 1973 1191 2011 omnia
1209 1974 1246 2010 in
1267 1974 1378 2012 silvas
1399 1975 1467 2013 de-

314 2043 527 2086 ponerent3
547 2042 663 2085 atque
684 2047 829 2081 omnes,
846 2033 909 2084 qui
925 2046 1029 2071 arma
1043 2033 1144 2071 ferre
1158 2042 1328 2085 possent,
1345 2048 1464 2073 unum

312 2097 352 2133 in
378 2097 506 2134 locum
528 2096 805 2133 convenirent:
843 2095 946 2132 hunc
967 2107 1050 2132 esse
1083 2094 1278 2132 delectum
1297 2096 1467 2134 medium

314 2158 395 2195 fere
414 2157 613 2208 regionum
635 2169 780 2201 earum,
800 2169 893 2207 quas
911 2156 1026 2192 Suevi
1042 2156 1283 2194 obtinerent:
1303 2157 1367 2194 hic
1387 2157 1466 2195 Ro-

312 2232 512 2257 manorum
546 2219 754 2256 adventum
773 2226 1016 2268 exspectare,
1043 2224 1160 2267 atque
1188 2218 1239 2255 ibi
1259 2218 1462 2256 decertare

313 2280 572 2320 constituisse.
616 2279 733 2322 Quod
751 2279 816 2318 ubi
833 2279 976 2318 Caesar
992 2278 1194 2330 comperit,
1211 2280 1387 2319 omnibus
1406 2280 1465 2317 his
