1556 2683
532 227 699 265 LIBER
754 228 801 264 V.
1195 232 1267 268 103

117 330 196 368 Sed
214 330 387 376 meridie,
407 343 524 381 quum
541 331 684 369 Caesar
703 331 909 382 pabulandi
925 344 1059 369 caussa
1076 343 1127 368 111
1144 331 1265 382 legio-

120 404 204 436 neS,
235 399 352 441 atque
371 404 522 429 omnem
544 393 772 442 equitatum,
804 405 890 429 cum
921 393 966 430 C.
999 392 1194 430 Trebonio
1213 393 1268 430 le-

115 459 207 502 gato
226 452 404 498 misisset,
433 461 593 504 repente
614 468 663 492 ex
683 454 859 491 omnibus
880 454 1050 504 partibus
1069 455 1118 492 ad
1145 456 1266 505 pabu-

114 515 259 552 latores
279 515 567 560 advolaverunt,
598 515 667 560 sic,
689 516 744 552 uti
764 515 811 552 ab
831 515 949 566 signis
968 515 1266 566 legionibusque

116 588 192 613 nor·
216 575 458 614 absisterent.
506 575 653 621 Nostri,
674 576 814 613 acriter
835 575 872 612 in
893 588 959 612 eos
979 576 1127 627 impetu
1146 577 1265 622 facto,

112 638 364 688 repulerunt;
392 649 518 688 neque
546 637 662 674 finem
683 636 867 687 sequendi
898 637 1090 684 fecerunt,
1123 638 1266 688 quoad,

113 699 283 737 subsidio
302 698 450 744 confisi,
482 698 645 748 equites,
666 712 782 748 quum
802 707 888 748 post
908 711 948 736 se
967 699 1140 748 legiones
1160 699 1266 736 vide-

111 767 211 806 rent,
243 759 475 810 praecipites
505 759 635 796 hostes
664 767 850 809 egerunt:
883 772 1102 810 magnoque
1131 773 1265 797 eorum

111 833 273 858 nurnero
294 820 500 858 interfecto
516 832 640 870 neque
657 820 714 856 sui
734 819 956 869 colligendi,
977 833 1103 871 neque
1121 820 1264 858 consis-

110 881 232 927 tendi,
252 889 319 919 aut
338 893 388 918 ex
408 881 550 918 essedis
570 880 785 936 desiliendi,
813 880 1038 918 facultatem
1058 881 1263 918 dederunt.

115 941 178 979 Ex
208 942 281 979 hac
311 941 404 992 fuga
434 942 624 993 protinus,
657 949 754 992 qua‘c
787 942 957 992 undique
989 949 1263 986 convenerant,

109 1003 255 1041 auxilia
288 1003 569 1047 discesserunt3
602 1015 729 1054 neque
759 1010 847 1053 post
867 1003 905 1039 id
924 1012 1075 1052 tempus
1096 1016 1263 1054 unquam

109 1066 264 1103 summis
295 1065 496 1103 nobiscum
518 1065 639 1115 copiis
659 1065 789 1101 hostes
809 1065 1108 1102 contenderunt.

162 1126 313 1164 XVIII.
328 1157 333 1162 .
369 1127 523 1171 Caesar,
540 1125 698 1176 cognito
712 1125 872 1162 consilio
887 1138 1034 1164 eorum,
1053 1126 1101 1163 ad
1116 1126 1263 1164 flumen

110 1187 290 1226 Tamesin
307 1188 345 1225 in
365 1188 460 1225 fines
481 1187 755 1225 Cassivellauni
776 1186 991 1223 exercitum
1007 1186 1138 1229 duxit3
1158 1187 1262 1237 quod

107 1242 358 1287 flumen'uno
385 1249 540 1287 omnino
568 1249 656 1286 loco
684 1247 860 1298 pedibus,
886 1255 1002 1298 atque
1031 1247 1105 1285 hoc
1131 1261 1263 1298 aegre,

107 1311 258 1348 transiri
277 1319 419 1361 potest.
475 1310 533 1348 Eo
553 1324 671 1361 quum
690 1309 870 1354 venisset,
898 1308 1182 1355 animadvertit,
1213 1310 1262 1347 ad

107 1371 266 1408 alteram
299 1370 464 1408 fluminis
485 1371 605 1421 ripam
639 1383 798 1419 magnas
826 1383 910 1407 esse.
932 1370 1062 1421 copias
1091 1370 1260 1408 hostinm

106 1431 325 1469 instructas.
355 1431 435 1481 ripa
465 1438 594 1468 autem
624 1439 706 1468 erat
735 1431 859 1468 acutis
891 1431 1049 1468 sudibus
1081 1431 1262 1481 praefixis

106 1492 275 1536 munita3
305 1492 555 1543 ejusdemque
575 1493 729 1543 generis
759 1494 828 1530 sub
848 1505 946 1543 aqua
966 1492 1115 1529 defixae
1145 1492 1261 1530 sudes

106 1554 266 1591 flumine
279 1555 523 1604 tegebantur.
561 1554 631 1591 His
647 1555 762 1592 rebus
778 1554 944 1603 cognitis
960 1567 981 1591 a
997 1553 1158 1604 captivis
1173 1567 1260 1604 per-

103 1615 300 1666 fugisque,
318 1616 474 1661 Caesar,
490 1616 698 1665 praemisso
714 1615 903 1667 equitatu,
919 1614 1122 1652 confestim
1138 1615 1259 1666 legio-

105 1690 173 1714 nes
200 1677 381 1728 subsequi
395 1677 525 1725 jussit.
582 1676 659 1714 Sed
679 1690 724 1715 ea
743 1677 956 1723 celeritate,
987 1684 1103 1727 atque
1123 1690 1169 1714 eo
1189 1677 1259 1714 im-

103 1745 213 1789 petu,
239 1738 380 1775 milites
399 1738 540 1784 ierunt,
561 1752 677 1788 quum
699 1738 826 1789 capite
845 1738 926 1776 solo
942 1751 991 1776 ex
1011 1751 1112 1788 aqua
1131 1747 1259 1776 exsta-

104 1805 206 1844 rent,
226 1806 269 1836 ut
285 1799 416 1836 hostes
432 1798 618 1849 impetum
635 1799 830 1848 legionum
846 1805 962 1849 atque
983 1799 1154 1848 equitum
1177 1812 1258 1836 sus-

105 1859 230 1898 tinere
249 1873 326 1897 non
345 1867 517 1912 possent,
546 1860 724 1911 ripasque
745 1860 998 1905 dimitterent,
1018 1873 1063 1897 ac
1083 1873 1124 1897 se
1143 1860 1263 1910 fugae·

104 1922 344 1959 mandarent.

155 1983 266 2020 XIX.
321 1983 643 2027 Cassivellaunus,
681 1991 724 2020 ut
751 1997 866 2034 supra
893 1984 1259 2029 demonstravimus,

103 2045 206 2082 omni
225 2044 401 2095 deposita
420 2057 486 2094 spe
507 2044 782 2090 contentionis,
813 2045 978 2082 dimissis
1006 2044 1256 2095 amplioribus

103 2105 238 2156 copiis,
271 2105 437 2143 millibus
465 2105 620 2143 circiter
640 2118 686 2142 ιν
707 2105 986 2143 essedariorum
1009 2106 1166 2152 relictis,
1196 2105 1256 2142 iti-

102 2178 196 2203 nera
214 2173 345 2204 nostra
364 2168 556 2209 servabat;
577 2167 865 2218 paullulumque
882 2179 932 2204 ex
948 2167 1009 2204 via
1024 2167 1257 2212 excedebat,

101 2227 272 2278 locisque
302 2228 510 2280 impeditis,
545 2241 590 2266 ac
616 2229 866 2273 silvestribus,
902 2241 986 2266 sese
1019 2228 1257 2274 occultabat,

105 2295 220 2339 atque
241 2289 285 2327 iis
317 2290 552 2340 regionibus,
573 2290 710 2341 quibus
730 2303 800 2329 nos
819 2290 894 2328 iter
917 2289 1088 2329 facturos
1108 2303 1255 2341 cogno-
