1576 2693
195 287 248 324 xii
623 280 935 326 PRAEFATIO

193 389 338 427 toribus
366 389 512 427 Latinis
531 390 847 440 frequentantur3
879 397 1027 427 tantum
1047 390 1193 436 abesse,
1219 398 1261 428 ut
1279 392 1332 428 via

190 449 329 487 tiosum
347 450 529 499 loquendi
549 463 668 500 genus
688 450 749 496 sit,
769 460 882 500 atque
903 449 1063 490 ιδιωἹικοι.

241 510 285 547 In
300 510 345 546 L.
362 510 433 546 111.
446 510 493 547 de
509 510 616 547 Bello
631 510 756 555 Civili,
776 524 809 548 c.
828 515 886 548 16.
902 512 1065 549 refertur
1081 511 1334 560 colloquium,-

190 570 291 621 quod
309 570 421 615 Libo,
441 583 509 607 suo
525 578 639 620 atque
657 570 782 607 Bibuli
799 572 965 617 nomine,
985 586 1072 609 cum
1088 572 1251 609 Caesare
1266 571 1333 607 lia-⁴

188 631 318 676 bebat,
339 630 402 667 ubi
421 630 624 668 Caesarem
645 631 844 668 certiorem
864 632 970 678 facit,
996 637 1022 655 ‘⁴
1043 631 1215 681 Pompeii
1233 644 1333 668 suni-

190 696 217 714 “
236 704 336 728 mam
366 704 448 728 esse
468 704 512 728 ac
531 691 647 728 fuisse
666 703 815 741 semper
835 693 1083 738 voluntatem,
1112 700 1154 729 ut
1174 704 1328 742 compo-

190 757 217 775 “
237 759 433 797 nerentur,
461 759 576 802 atque
597 752 643 788 ab
663 752 775 788 armis
804 752 1087 790 discederetur:
1115 753 1183 790 sed
1202 760 1332 803 potes-

190 817 216 835 “
236 819 353 850 tatem
373 814 456 862 ejus
471 813 525 848 rei
540 824 580 849 se
605 811 751 861 [ipsum
771 819 810 849 et
825 812 1028 862 Bibulum]
1053 813 1194 850 nullam
1215 813 1334 850 habe-

190 879 217 897 “
237 886 301 917 re;
331 880 536 924 propterea
562 873 678 922 quod,
706 872 754 909 de
783 884 968 910 CONstfl
1000 874 1202 919 sententia,
1233 886 1335 910 sum-

190 939 216 958 “
236 947 335 971 mam
374 933 464 970 belli
496 945 700 983 rerumque
734 933 901 970 omnium
936 934 1119 984 Pompeio
1152 934 1334 985 permise-

192 999 218 1017 “
238 994 355 1031 rint.”
394 993 454 1030 Ita
473 993 648 1029 nimirum
671 993 761 1029 olim
781 994 895 1043 vulgo
914 994 1128 1044 legebatur,
1149 1003 1187 1032 et
1209 995 1260 1031 ita
1279 995 1333 1031 le-

192 1055 295 1104 gitur
324 1054 362 1090 in
393 1053 561 1090 editione
593 1053 843 1099 Elzcviriana,
875 1067 896 1091 a
927 1055 1007 1092 Jos.
1042 1055 1251 1105 Scaligero,
1292 1063 1334 1092 ut

192 1126 281 1164 prae
312 1125 351 1150 se
382 1113 468 1158 fert,
496 1113 696 1150 recensita.
754 1114 807 1150 At
836 1114 886 1150 D.
918 1113 1075 1150 Vossius
1103 1114 1248 1151 concilii
1274 1127 1333 1150 re-

191 1173 364 1224 scripsit;
392 1173 493 1224 quia,
526 1180 568 1209 ut
595 1173 631 1210 ei
651 1173 814 1219 videtur,
849 1180 873 1197 “
892 1174 1082 1211 concilium
1101 1175 1164 1212 hic
1193 1175 1334 1212 Caesar

191 1240 217 1258 ‘⁴
238 1234 343 1285 quasi
372 1246 441 1284 per
461 1240 723 1284 contemptum
752 1245 864 1272 vocat
893 1242 1066 1272 senatum
1097 1235 1334 1272 Romanum:

192 1300 218 1317 “
238 1307 338 1340 nam,
371 1293 459 1344 quia
477 1306 564 1343 pars
584 1301 802 1331 senatorum
828 1295 973 1332 Romae
992 1304 1197 1342 manserat,
1230 1296 1334 1333 hunc

192 1356 302 1392 “ille
333 1361 507 1392 senatum
537 1354 770 1404 legitimum3
814 1355 990 1392 consules
1018 1356 1333 1406 Pompeiumque,

191 1421 216 1439 “
236 1425 275 1453 et
290 1415 353 1466 qui
368 1415 404 1451 in
425 1422 532 1464 parte
551 1414 784 1464 reipublicae
804 1423 926 1460 erant,
947 1416 1119 1453 turbidos
1139 1424 1178 1453 et
1196 1416 1332 1453 factio-

194 1481 220 1500 “
240 1489 301 1512 sos
321 1475 609 1524 nuncupabat.’'
665 1473 753 1511 Non
777 1475 1089 1512 animadvertisse
1109 1476 1259 1513 videtur
1277 1477 1333 1513 vir

192 1538 343 1582 doctus,
374 1536 471 1572 haec
491 1548 572 1572 esse
591 1535 720 1580 verba,
756 1548 831 1571 non
853 1536 1039 1582 Caesaris,
1067 1537 1134 1574 sed
1154 1536 1335 1580 Libonis;

191 1598 255 1648 qui
275 1596 527 1646 contemptim
548 1595 595 1632 de
615 1595 865 1641 senatoribus,
886 1596 950 1645 qui
970 1596 1008 1632 in
1029 1596 1202 1646 Pompeii
1221 1609 1333 1634 exer-

191 1658 270 1696 citu
300 1664 440 1701 essent,
473 1656 624 1692 locutus
655 1667 738 1692 esse
770 1655 926 1693 minime
954 1656 1230 1694 existimandus
1262 1666 1333 1695 est.

193 1716 275 1753 Etsi
289 1715 599 1764 Oudendorpius,
621 1714 809 1760 Clarkius‚
832 1715 1136 1762 Ruddimanuus,
1157 1724 1195 1753 et
1211 1716 1334 1754 Ober-

192 1777 290 1813 linus
311 1775 486 1813 Vossium
506 1774 628 1811 secuti
648 1782 750 1819 sunt,
780 1775 932 1812 omnino
953 1784 1079 1812 tamen
1107 1774 1252 1812 consilii
1279 1776 1333 1813 le-

195 1838 363 1887 gendum
382 1836 544 1872 videtur.
602 1836 724 1877 Quale
745 1835 817 1872 hoc
838 1836 953 1872 suerit
973 1836 1186 1882 consilium,
1216 1849 1266 1873 ex
1286 1837 1336 1873 si-

192 1898 270 1934 mili
287 1896 453 1933 Sallustii
472 1896 557 1933 loco
573 1896 720 1932 discere
741 1909 951 1946 possumus.
998 1901 1022 1919 “
1044 1896 1227 1933 Metellus
1247 1909 1334 1946 pro-

193 1963 219 1981 “
240 1971 330 2008 pere
346 1964 507 1994 cunctos
527 1956 706 1993 senatorii
735 1957 877 1993 ordinis
896 1970 944 1993 ex
965 1957 1133 1994 hibernis
1163 1958 1334 1994 arcessiri

193 2018 369 2068 “jubet:
399 2030 545 2062 eorum,
577 2024 690 2066 atque
711 2017 885 2062 aliorum,
919 2030 1012 2067 quos
1031 2018 1190 2055 idoneos
1219 2018 1336 2055 duce-

193 2084 219 2102 “
238 2081 316 2122 bat,
337 2077 537 2115 consilium
559 2076 686 2113 habet.
723 2077 782 2113 lta
796 2090 901 2114 more
917 2079 1117 2126 majorum,
1135 2090 1179 2114 ex
1193 2077 1337 2114 consilii

194 2144 220 2161 “
240 2138 395 2182 decreto,
414 2150 482 2187 per
496 2137 643 2186 legatos
661 2136 686 2173 J
690 2137 876 2185 ugurthae
896 2137 1057 2187 imperat
1072 2137 1220 2186 argenti
1241 2149 1336 2187 pou-

196 2203 222 2221 “
242 2197 290 2234 do
311 2198 478 2234 ducenta
504 2197 659 2234 millia,’··
699 2197 794 2234 Bell.
821 2197 912 2247 Jug.
932 2210 966 2234 c.
994 2200 1056 2237 72.
1110 2197 1172 2235 De
1201 2198 1334 2234 harum

195 2270 331 2295 vocum
350 2257 561 2295 differentia
590 2264 628 2295 et
648 2269 730 2303 usu,
758 2270 869 2307 quae,
903 2259 951 2295 ob
983 2258 1217 2295 vicinitatem
1250 2270 1340 2294 sen-->
