1556 2683
252 283 327 319 244
559 281 634 318 DE
682 280 860 319 BELLO
909 280 1077 320 CIVILI

253 382 440 433 polliceri,
460 394 500 420 se
520 383 557 420 in
578 385 809 434 provinciam
832 384 997 427 iturum;
1025 397 1151 435 neque
1171 391 1258 422 ante
1280 396 1393 436 quem

253 443 351 480 diem
375 443 494 480 iturus
513 444 574 489 sit,
595 444 774 481 definire:
805 452 848 481 ut
868 445 912 490 si,
931 452 1091 495 peracto
1112 445 1287 482 Caesaris
1307 457 1397 482 con-

252 504 389 550 sulatu,
420 504 625 554 Pompeius
652 505 848 555 profectus
880 518 953 542 non
989 512 1103 551 esset,
1137 506 1240 542 nulla
1270 513 1398 543 tamen

250 565 440 601 mendacii
461 563 644 613 religione
661 565 865 601 obstrictus
884 565 1090 602 videretur.
1146 566 1315 616 Tempus
1330 579 1397 603 ve-

251 634 293 661 ro
323 620 514 674 colloquio
542 634 617 661 non
648 625 751 669 dare,
781 638 906 676 neque
934 634 1176 663 accessurum
1208 626 1396 676 polliceri,

251 696 427 735 magnam
465 686 569 735 pacis
600 685 905 735 desperationem
936 686 1130 724 afferebat.
1184 687 1320 736 Itaque
1349 687 1398 724 ab

251 739 428 783 Arimino
458 745 514 781 M.
537 746 747 782 Antonium
769 758 856 782 cum
877 746 1100 783 cohortibus
1135 758 1162 782 v
1197 746 1397 783 Arretium

249 807 391 843 mittit:
421 807 499 856 ipse
532 806 697 842 Arimini
729 819 816 843 cum
850 817 881 843 11
909 807 1175 857 [legionibus]
1212 807 1398 854 subsistit,

248 867 376 917 ibique
396 867 580 905 dilectum
600 868 742 905 habere
762 867 938 905 instituit.
992 868 1208 914 Pisaurum,
1230 867 1391 914 Fanum,

249 929 467 973 Anconam,
487 928 647 978 singulis
667 927 887 965 cohortibus
907 936 1085 977 occupat.

300 989 391 1026 XII.
444 989 597 1026 Interea
634 989 774 1026 certior
804 988 940 1034 factus,
978 988 1153 1039 Iguvium
1186 986 1396 1026 Thermum

246 1057 462 1100 praetorem
480 1050 701 1087 cohortibus
722 1061 748 1085 v
767 1055 913 1096 tenere,
934 1049 1114 1099 oppidum
1132 1049 1296 1095 munire,
1316 1062 1396 1086 om-

247 1110 430 1160 niumque
449 1123 532 1147 esse
565 1110 813 1160 Iguvinorum
842 1110 1025 1160 optimam
1046 1119 1138 1160 erga
1163 1122 1203 1147 se
1223 1110 1396 1147 volunta-

248 1177 340 1215 tem,
375 1170 582 1208 Curionem
600 1184 687 1208 cum
723 1183 773 1207 111
810 1171 1045 1216 cohortibus,
1076 1182 1168 1220 quas
1189 1169 1335 1206 Pisauri
1355 1176 1395 1207 et

248 1231 413 1267 Arimini
434 1231 613 1277 habebat,
634 1231 762 1268 mittit.
805 1231 926 1279 Cujus
945 1230 1113 1267 adventu
1134 1229 1303 1279 cognito,
1324 1229 1397 1266 dif-

246 1291 337 1328 fisus
358 1291 555 1341 municipii
575 1292 788 1337 voluntate,
809 1291 997 1328 Thermus
1018 1291 1195 1327 cohortes
1222 1302 1271 1327 ex
1300 1290 1396 1327 urbe

251 1352 397 1398 educit,
418 1359 454 1388 et
468 1352 660 1401 profugit:
682 1351 819 1388 milites
839 1351 874 1387 in
896 1351 1033 1388 itinere
1048 1352 1094 1388 ab
1111 1364 1158 1388 eo
1178 1351 1395 1397 discedunt,

249 1426 295 1449 ac
317 1412 472 1449 domum
495 1420 750 1449 revertuntur.
805 1412 937 1457 Curio,
970 1412 1137 1449 omnium
1164 1425 1311 1450 summa
1330 1425 1396 1449 vo·

247 1473 409 1518 lunt-ate,
432 1473 607 1522 Iguvium
624 1473 773 1523 recipit.
806 1473 953 1515 Quibus
970 1474 1084 1510 rebus
1105 1472 1282 1523 cognitis,
1305 1484 1397 1510 con-

246 1533 336 1569 fisus
357 1533 650 1583 municipiorum
671 1533 942 1579 voluntatibus,
972 1534 1112 1571 Caesar
1134 1533 1312 1571 cohortes
1339 1533 1393 1572 le-

246 1594 369 1644 gionis
390 1605 470 1630 >4111
492 1607 540 1631 ex
560 1594 759 1644 praesidiis
779 1594 948 1640 deducit,
970 1595 1258 1644 Auximumque
1278 1594 1394 1644 profi-

246 1656 421 1697 ciscitur;
449 1655 549 1704 qnod
571 1655 752 1705 oppidum
775 1655 921 1701 Attius,
955 1654 1176 1691 cohortibus
1198 1655 1395 1692 introduc-

248 1716 309 1760 tis,
341 1716 511 1760 tenchat,
545 1715 806 1765 dilectumque
827 1721 909 1752 toto
936 1715 1095 1761 Piceno,
1125 1715 1395 1753 circummissis

246 1776 501 1821 senatoribus,
521 1776 699 1813 habebat.

299 1837 373 1872 ΧΠ
384 1837 412 1873 Ι.
459 1837 643 1874 Adventu
658 1837 831 1874 Caesaris
845 1837 1016 1887 cognito,
1032 1837 1258 1874 decuriones
1273 1837 1395 1874 Auxi-

246 1899 296 1935 mi
316 1899 363 1935 ad
386 1898 536 1935 Attium
559 1898 703 1934 Varum
723 1897 944 1948 frequentes
958 1898 1212 1935 conveniunt:
1239 1898 1394 1944 docent,

247 1961 303 1997 sui
319 1959 454 2009 judicii
472 1972 549 1996 rem
565 1972 640 1995 non
661 1972 760 2002 esse3
781 1973 906 2009 neque
922 1971 962 1996 se
980 1973 1104 2010 neque
1125 1959 1291 2009 reliquos
1307 1973 1391 1996 mu·

246 2021 393 2071 nicipes
409 2020 486 2071 pati
501 2030 625 2070 posse,
647 2021 691 2057 C.
709 2021 926 2066 Caesarem,
942 2020 1213 2071 imperatorem
1233 2021 1332 2058 bene
1346 2020 1395 2058 de

247 2082 444 2132 republica
458 2082 648 2126 meritum,
670 2081 782 2117 tantis
804 2082 916 2118 rebus
935 2082 1066 2131 gestis,
1087 2081 1227 2132 oppido
1248 2082 1393 2119 moeni*-

245 2143 393 2192 busque
413 2142 630 2192 prohiberi:
651 2141 810 2191 proinde
830 2142 970 2179 habeat
986 2142 1171 2179 rationem
1193 2143 1394 2193 posterita-

247 2204 308 2248 tis,
336 2210 374 2239 et
393 2202 554 2253 periculi
574 2202 644 2239 sui.
699 2203 870 2243 Quorum
893 2203 1064 2241 oratione
1083 2212 1293 2253 permotus,
1315 2203 1392 2241 Va-

246 2276 310 2300 rus
330 2262 576 2313 praesidium,
598 2262 701 2313 quod
716 2262 997 2308 introduxerat,
1017 2275 1066 2299 ex
1087 2263 1227 2313 oppido
1248 2263 1392 2308 educit,

247 2336 292 2361 ac
310 2323 494 2375 profugit.
547 2323 666 2362 Hunc
695 2336 743 2361 ex
773 2323 896 2374 primo
916 2323 1048 2362 ordine
1079 2323 1191 2375 pauci
1220 2324 1394 2362 Caesaris
