1556 2683
293 197 344 234 96
603 195 678 232 DE
718 193 898 232 BELLO
939 191 1183 232 GALLICO

347 298 395 335 V.
450 298 523 335 His
543 299 656 336 rebus
677 298 909 343 constitutis,
930 299 1072 336 Caesar
1087 297 1135 334 ad
1149 303 1303 347 portum
1324 296 1441 335 Itium

294 373 380 397 cum
394 359 608 407 legionibus
624 359 811 409 pervenit.
842 359 899 396 Ibi
916 359 1114 407 cognoscit
1131 370 1182 395 LX
1196 371 1324 404 naves,
1341 372 1440 408 quae

293 420 332 457 in
355 421 495 458 Meldis
517 420 641 457 factae
671 427 794 465 erant,
826 427 1055 470 tempestate
1075 421 1255 469 rejectas,
1288 433 1443 457 cursum

294 489 427 518 tencre
447 492 523 516 non
557 480 740 529 potuisse,
773 488 888 531 atque
908 480 1059 525 eodem,
1093 481 1196 517 unde
1216 489 1323 517 erant
1355 494 1442 531 pro-

292 541 435 586 fectae,
459 540 687 577 revertisse:
714 541 878 591 reliquas
909 548 1059 591 paratas
1089 541 1137 578 ad
1170 542 1442 590 navigandum,

294 611 411 653 atque
432 602 606 638 omnibus
626 602 740 639 rebus
760 602 978 647 instructas,
999 602 1156 639 invenit.
1212 602 1361 639 Eodem
1381 611 1442 640 to-

294 664 371 701 tius
404 662 554 699 Galliae
574 663 765 713 equitatus
795 663 987 708 convenit,
1008 676 1167 700 numero
1192 663 1352 699 millium
1384 675 1444 710 1V,

294 725 566 776 principesque
586 724 762 761 omnibus
792 736 841 761 ex
863 725 1104 767 civitatibus;
1132 738 1180 761 ex
1200 725 1339 774 quibus
1358 737 1445 774 per-

295 798 453 837 paucos,
487 797 647 834 quorum
668 784 705 820 in
726 797 766 821 se
794 785 908 821 fidem
929 792 1194 835 perspexerat,
1226 785 1443 835 relinquere

295 846 334 883 in
363 846 501 891 Gallia,
533 845 698 894 reliquos
720 845 894 881 obsidum
914 846 1000 882 loco
1024 858 1154 883 secum
1188 846 1346 891 ducere,
1379 846 1445 883 de-

297 914 484 951 creverat,
520 905 637 956 quod,
672 919 789 956 quum
819 905 899 955 ipsc
920 906 1084 951 abesset,
1113 912 1261 942 motum
1295 904 1445 943 GaIIIae

295 969 513 1005 verebatur.

348 1029 418 1066 V1.
475 1028 569 1065 Erat
595 1042 670 1066 una
691 1042 776 1066 cum
797 1027 936 1065 ceteris
957 1027 1175 1065 Dumnorix
1198 1028 1372 1072 Aeduus,
1398 1026 1447 1064 de

298 1103 373 1140 quo
394 1091 440 1126 ab
461 1089 570 1126 nobis¹
590 1098 702 1126 antea
722 1090 867 1126 (lictum
888 1096 957 1126 est.
1013 1089 1132 1126 Hunc
1153 1102 1283 1126 secum
1304 1089 1447 1126 habere

295 1151 335 1187 in
355 1150 485 1201 primis
505 1151 772 1195 constituerat,
793 1151 896 1200 quod
916 1142 1002 1187 eum
1024 1150 1206 1199 cupidum
1226 1162 1353 1187 rerum
1379 1162 1448 1186 no-

297 1225 446 1256 varum,
468 1212 648 1262 cupidum
688 1212 849 1261 imperii,
882 1211 1010 1260 magni
1030 1211 1159 1256 animi,
1193 1224 1354 1260 magnae
1385 1210 1442 1247 in-

296 1280 356 1311 ter
377 1272 510 1310 Gallos
530 1273 784 1317 auctoritatis,
805 1279 1052 1323 cognoverat.
1108 1272 1337 1310 Accedebat
1355 1271 1449 1318 huc,

296 1334 400 1384 quod
415 1335 494 1383 jam
515 1333 552 1370 in
574 1333 739 1371 concilio
771 1333 994 1370 Aeduorum
1028 1332 1247 1369 Dumnorix
1279 1332 1449 1378 dixerat,

296 1394 368 1431 sibi
387 1407 409 1430 a
430 1394 594 1431 Caesare
616 1406 776 1443 regnum
803 1393 968 1430 civitatis
988 1392 1153 1430 deferri:
1180 1392 1283 1442 quod
1304 1393 1451 1430 dictum

302 1454 434 1492 Aedui
453 1455 621 1504 graviter
639 1453 828 1499 ferebant,
849 1466 975 1503 neque
994 1453 1199 1490 recusandi
1218 1460 1285 1490 aut
1315 1453 1450 1503 deprc-

302 1515 415 1553 candi
434 1528 568 1552 caussa
586 1515 732 1564 legatos
769 1515 817 1552 ad
838 1515 1043 1552 Caesarem
1070 1514 1223 1551 mittere
1243 1514 1452 1552 audebant.-

296 1576 343 1614 Id
363 1576 507 1613 factum
527 1589 577 1613 ex
597 1576 673 1613 suis
689 1575 903 1626 hospitibus
920 1576 1060 1613 Caesar
1075 1583 1321 1625 cognoverat.
1374 1576 1447 1613 Ille

299 1638 476 1675 omnibus
491 1637 615 1686 primo
630 1638 810 1688 precibus
826 1644 959 1687 petere
976 1637 1191 1682 contendit,
1211 1645 1253 1674 ut
1268 1638 1305 1674 in
1323 1637 1451 1675 Gallia

299 1699 601 1749 relinqueretur:
634 1698 789 1749 partim,
810 1698 927 1748 quod,
944 1699 1116 1735 insuetus
1134 1698 1353 1748 navigandi,
1372 1711 1452 1735 ma-

298 1772 340 1796 re
359 1759 534 1800 timeret;
559 1758 714 1808 partim,
734 1759 838 1808 quod
857 1758 1105 1808 religionibus
1122 1771 1205 1795 sese
1221 1758 1369 1796 diceret
1380 1758 1451 1795 im-

299 1819 436 1870 pediri.
475 1819 731 1869 Posteaquam
752 1819 791 1856 id
805 1819 995 1856 obstinate
1009 1819 1080 1856 sibi
1095 1819 1228 1868 negari
1247 1819 1354 1864 vidit,
1371 1832 1451 1856 om-

300 1879 340 1916 ni
360 1892 427 1929 spe
457 1879 686 1930 impetrandi
714 1880 880 1926 ademta,
914 1880 1106 1930 principes
1126 1879 1274 1916 Galliae
1310 1879 1451 1917 sollici-

299 1948 395 1986 tare,
418 1953 599 1979 sevocare
616 1941 800 1989 singulos,
820 1941 1055 1991 hortarique,
1074 1941 1215 1991 coepit,
1231 1940 1286 1977 uti
1300 1940 1337 1977 in
1358 1953 1450 1978 con-

298 2002 437 2039 tinenti
458 2010 699 2039 remanerent
717 2018 725 2044 ;
755 2010 862 2039 metu
882 2002 1072 2046 territare,
1107 2015 1183 2038 nou
1203 2001 1284 2038 sinc
1317 2014 1453 2039 caussa

300 2064 398 2109 fieri,
427 2071 470 2100 ut
491 2063 617 2100 Gallia
650 2063 752 2099 omni
786 2062 986 2099 nobilitate
1021 2062 1271 2113 spoliaretur:
1310 2061 1346 2098 id
1368 2074 1451 2099 esse

301 2124 503 2162 consilium
521 2124 708 2170 Caesaris,
729 2133 783 2169 ut,
812 2136 907 2174 quos
927 2124 962 2160 in
981 2130 1193 2173 conspectu
1225 2122 1374 2160 Galliae
1394 2123 1451 2159 in-

300 2186 476 2223 terficere
496 2192 708 2228 vereretur,
738 2185 807 2222 lios
842 2198 974 2221 omnes
1006 2184 1042 2220 in
1064 2184 1299 2221 Britanniam
1329 2191 1450 2221 trans-

298 2246 435 2284 ductos
455 2254 638 2291 necarct;
664 2246 781 2284 fidem
796 2245 953 2297 reliquis
973 2246 1219 2297 interponere
1234 2261 1243 2291 ;
1260 2246 1459 2296 jusjuranw
