1556 2683
548 251 713 290 LIBER
769 251 816 290 V.
1192 258 1263 292 115

114 353 252 404 nisque
283 366 417 392 caussa
436 355 473 391 in
493 355 605 393 silvas
625 356 902 402 discessissent,
933 356 1135 406 repentino
1155 357 1263 407 equi·

114 421 196 452 tum
212 416 379 454 adventu
395 416 730 468 interciperentur.
759 417 832 454 His
853 418 1137 463 circumventis,
1157 431 1264 468 mag-

114 489 164 514 na
178 490 293 514 manu
314 477 530 523 Eburones,
564 479 710 525 Nervii,
741 479 953 524 Aduatuci,
982 487 1097 529 atque
1127 480 1263 517 horum

114 540 285 576 omnium
313 540 407 578 socii
435 548 473 577 et
494 540 654 578 clientes
683 541 874 591 legionem
910 553 1137 591 oppugnare
1171 540 1266 577 inci-

111 600 236 651 piunt.
292 600 424 638 Nostri
454 601 633 638 celeriter
656 602 704 639 ad
730 614 835 639 arma
855 608 1106 647 concurrunt,
1124 601 1265 638 vallum

114 662 395 700 conscendunt.
433 663 565 713 Aegre
579 663 609 699 is
625 663 705 701 dics
720 670 969 708 sustentatur,
990 663 1093 712 quod
1114 675 1265 700 omnem

111 735 219 774 spem
249 724 380 761 hostes
401 724 439 760 in
468 723 667 761 celeritate
697 725 907 774 ponebant,
944 731 1074 774 atquc,
1107 724 1207 761 hanc
1226 737 1265 761 a·

111 783 219 835 depti
237 784 451 830 victoriam,
484 784 521 821 in
541 792 769 835 perpetuum
799 798 839 822 se
858 785 941 822 fore
961 785 1127 823 victores
1148 785 1265 823 confi-

108 845 270 883 (lebant.

163 906 248 944 XL.
304 906 518 944 Mittuntur
536 908 585 945 ad
616 908 818 946 Caesarem
848 908 1051 946 confestim
1071 909 1118 945 ab
1148 908 1261 946 Cice·

109 979 204 1004 rone
224 967 372 1013 literae,
403 968 552 1018 magnis
580 969 786 1019 propositis
805 969 996 1019 praemiis,
1027 969 1057 1006 si
1084 968 1264 1019 pertulis-

110 1036 207 1067 sent.
274 1029 452 1067 Obsessis
485 1030 661 1067 omnibus
694 1030 777 1076 viis,
816 1030 918 1067 missi
952 1030 1262 1081 intercipiuntur.

110 1090 241 1129 Noctu
257 1103 306 1127 ex
323 1103 368 1128 ea
382 1091 556 1136 materia,
570 1103 683 1142 quam
699 1091 923 1128 munitionis
939 1104 1074 1129 caussa
1086 1104 1263 1142 compor-

107 1158 297 1198 taverant,
325 1158 450 1189 turres
470 1151 678 1188 admodum
706 1163 785 1188 cxx
804 1152 1027 1189 excitantur
1047 1151 1262 1190 incredibili

108 1214 329 1252 celeritate:
362 1225 460 1264 quae
481 1213 614 1251 deesse
643 1213 750 1264 operi
782 1213 1025 1260 videbantur,
1055 1214 1263 1264 perficiun-

108 1283 184 1312 tur.
223 1275 368 1313 Hostes
383 1282 540 1325 postero
556 1275 632 1320 die,
653 1274 775 1312 multo
791 1276 999 1324 majoribus
1014 1276 1134 1326 copiis
1150 1288 1262 1312 coac-

106 1336 170 1382 tis,
203 1343 329 1374 castra
347 1344 587 1387 oppugnant,
608 1335 745 1373 fossam
767 1336 976 1387 complent.
1030 1337 1094 1373 Ab
1124 1336 1262 1373 nostris

107 1397 243 1435 eadem
264 1397 427 1443 ratione,
448 1409 522 1448 qua
540 1397 678 1448 pridie,
698 1397 908 1434 resistitur:
936 1397 1011 1435 hoc
1030 1397 1132 1434 idem
1152 1396 1260 1434 dein-

107 1471 200 1509 ceps
228 1458 384 1509 reliquis
404 1458 446 1495 fit
465 1458 614 1495 diebus.
670 1458 787 1495 Nulla
806 1471 893 1509 pars
912 1459 1092 1496 nocturni
1111 1467 1261 1509 tempo-

107 1521 159 1558 ris
179 1520 227 1558 ad
248 1520 420 1558 laborem
441 1519 732 1557 intermittitur:
762 1532 838 1557 non
859 1519 998 1569 aegris,
1028 1532 1104 1555 non
1126 1519 1260 1557 vulne-

105 1583 199 1620 ratis
217 1582 380 1620 facultas
400 1581 539 1632 quietis
558 1581 682 1618 datur.
741 1582 1009 1630 Quaecunque
1023 1579 1072 1617 ad
1091 1580 1260 1630 proximi

106 1644 183 1682 diei
212 1643 542 1694 oppugnationem
572 1655 670 1693 opus
695 1650 798 1688 sunt,
830 1649 950 1679 noctu
969 1651 1259 1694 comparantur:

106 1705 250 1742 multae
264 1712 466 1756 praeustae
478 1703 606 1750 sudes,
622 1716 784 1754 magnus
796 1702 997 1740 muralium
1010 1703 1176 1753 pilorum
1189 1717 1259 1741 nu-

105 1778 233 1803 merus
254 1765 486 1807 instituitur;
515 1772 640 1802 turres
661 1763 980 1807 contabulantur;
998 1764 1139 1814 pinnae
1168 1764 1258 1801 lori-

106 1839 253 1877 caeque
282 1840 331 1864 ex
351 1826 522 1863 cratibus
551 1832 791 1863 attexuntur.
847 1825 936 1875 Ipse
965 1824 1120 1871 Cicero,
1141 1838 1259 1876 quum

105 1886 329 1925 tenuissima
341 1886 559 1923 valetudine
573 1893 688 1931 esset,
705 1898 753 1922 ne
770 1892 1003 1923 nocturnum
1019 1886 1175 1936 quidem
1188 1886 1260 1923 sibi

105 1955 259 1998 tempus
278 1946 327 1984 ad
343 1947 513 1997 quietem
533 1946 791 1997 relinquebat,
807 1953 849 1983 ut
866 1946 966 1983 ultro
982 1947 1146 1984 militum
1169 1960 1259 1985 con-

106 2022 222 2046 cursu
241 2021 287 2046 ac
306 2008 466 2046 vocibus
486 2007 556 2045 sibi
576 2021 734 2058 parcere
755 2016 975 2058 cogeretur.

158 2069 264 2107 XLI.
321 2069 432 2106 Tunc
465 2068 583 2106 duces
611 2069 884 2120 principesque
918 2069 1167 2116 Nerviorum,
1193 2071 1260 2121 qui

105 2130 270 2182 aliquem
291 2131 480 2168 sermonis
513 2130 658 2168 aditum
688 2143 940 2181 caussamque
960 2132 1152 2169 amicitiae
1172 2145 1261 2169 cum

105 2192 297 2230 Cicerone
316 2191 526 2237 habebant,
548 2191 716 2242 colloqui
735 2205 819 2229 sese
840 2193 936 2229 velle
954 2192 1100 2230 dieunt.
1141 2193 1262 2231 Facta

105 2260 313 2304 potestate,
334 2253 484 2298 eadem,
501 2265 598 2304 quae
616 2253 823 2291 Ambiorix
839 2267 927 2290 cum
945 2253 1095 2291 Titurio
1111 2262 1257 2305 egerat,

100 2322 432 2359 commemorant:
459 2314 626 2352 Omnem
646 2327 730 2353 esse
746 2315 784 2352 in
805 2315 921 2353 armis
941 2314 1133 2360 Galliam3
1159 2316 1259 2353 Ger-
