1556 2683
286 262 355 299 108
565 262 639 301 DE
678 262 857 301 BELLO
894 258 1140 302 GALLICO

281 377 378 411 sese,
398 372 495 416 quae
519 366 569 404 de
587 379 629 403 re
649 366 841 404 communi
862 366 993 404 dicere
1012 367 1167 412 vellent,
1196 366 1337 417 ‘quibus
1362 378 1423 405 re·

281 424 352 462 bus
373 426 650 462 controversias
668 426 786 463 minui
800 434 912 477 p'osse
931 434 1142 476 sperarent.

332 486 499 524 XXVII.
555 487 728 524 Mittitur
759 487 806 524 ad
836 500 904 524 eos
941 488 1182 538 colloquendi
1215 498 1349 525 caussa
1379 488 1424 526 C.

281 547 506 598 Arpineius,
524 560 640 598 eques
659 548 867 593 Romanus,
884 547 1079 584 familiaris
1092 549 1139 590 Q.
1158 548 1309 594 Titurii,
1324 555 1363 585 et
1378 549 1427 590 Q.

279 608 422 647 Junius
442 622 492 646 ex
513 608 701 658 Hispania
716 608 882 658 quidam,
900 609 962 658 qui
975 611 1053 658 jam
1066 616 1172 655 ante,
1191 609 1308 646 missu
1329 609 1426 646 Cae-

276 670 383 715 saris,
415 670 463 706 ad
494 669 758 719 Ambiorigem
788 669 976 706 ventitare
1004 677 1282 707 consueverat:
1323 669 1427 720 apud

279 742 375 781 quos
396 730 599 767 Ambiorix
631 730 668 766 in
687 730 791 767 hunc
820 729 975 766 modum
1008 731 1160 768 locutus
1193 737 1275 767 est:
1317 730 1424 776 Sese,

280 804 352 841 pro
386 790 560 828 Caesaris
581 791 618 827 in
643 802 684 827 se
711 790 921 836 beneficiis,
951 791 1155 841 plurimum
1185 791 1221 828 ei
1251 791 1424 829 confiteri

278 852 434 897 debere,
449 852 553 902 quod
566 854 648 902 ejiis
661 864 778 902 opera
790 852 980 902 stipendio
993 852 1174 890 liberatus
1189 859 1305 898 esset,
1316 852 1424 902 'quod

278 913 510 959 Aduatucis,
537 913 708 950 finitimis
728 913 819 958 suis,
839 913 1007 963 pendere
1029 914 1273 956 consuessem
1305 913 1427 964 quod-

275 987 351 1024 que
379 974 415 1011 ei
444 981 484 1011 et
502 974 600 1013 filius
625 982 664 1011 et
682 974 808 1011 fratris
826 974 925 1011 filius
941 975 991 1011 ab
1013 975 1176 1012 Caesare
1196 974 1342 1012 remissi
1363 987 1422 1011 es—

278 1043 378 1081 sent,
413 1047 507 1086 quos
528 1035 739 1081 Aduatuci,
772 1036 945 1072 obsidum
964 1043 1127 1072 numero
1146 1035 1293 1079 missos,
1323 1035 1428 1085 apud

278 1109 318 1133 se
338 1097 376 1133 in
395 1097 580 1134 servitute
601 1104 640 1134 et
659 1097 806 1134 catenis
825 1097 1035 1133 tenuissent
1053 1110 1062 1132 :
1090 1105 1221 1146 *neque
1241 1096 1292 1141 id,
1321 1096 1425 1146 quod

275 1155 424 1193 fecerat
443 1156 491 1193 de
511 1156 801 1206 oppugnatione
832 1163 1057 1202 castrorum,
1089 1164 1156 1193 aut
1179 1156 1328 1206 judicio
1359 1163 1425 1193 aut

275 1217 476 1254 voluntate
511 1206 579 1254 sua
597 1217 749 1263 fecisse,
781 1218 849 1254 sed
881 1225 1020 1255 coactu
1054 1217 1217 1255 civitatis
1235 1233 1244 1259 ;
1282 1230 1427 1268 suaque

278 1291 363 1315 esse
383 1279 571 1328 ejusmodi
592 1278 764 1328 imperia,
798 1286 841 1315 ut
860 1291 934 1315 non
955 1279 1080 1316 minus
1100 1279 1258 1315 haberet
1273 1279 1369 1328 juris
1388 1278 1426 1315 in

272 1352 316 1376 se
337 1340 558 1385 multitudo,
592 1352 705 1390 quam
738 1340 819 1390 ipse
839 1340 878 1376 in
907 1339 1206 1376 multitudinem.
1271 1340 1427 1377 Civitati

275 1413 391 1450 porro
424 1400 523 1437 hanc
559 1399 677 1437 fuisse
712 1400 803 1438 belli
841 1413 1026 1446 caussam,
1064 1401 1168 1451 quod
1200 1400 1424 1450 repentinae

276 1461 477 1498 Gallorum
510 1461 764 1510 conjurationi
788 1461 966 1498 resistere
999 1474 1073 1498 non
1094 1462 1286 1512 potuerit;
1318 1461 1357 1498 id
1382 1473 1423 1498 se

274 1521 392 1559 facile
412 1535 461 1559 ex
482 1521 698 1559 humilitate
718 1535 787 1559 sua
805 1523 967 1572 probare
988 1535 1113 1572 posse,
1144 1523 1247 1573 quod
1266 1535 1344 1560 non
1363 1522 1428 1559 ad-

279 1597 325 1621 eo
345 1583 393 1620 sit
412 1583 610 1633 imperitus
629 1594 770 1629 rerum,
787 1591 834 1620 'ut
846 1583 922 1620 suis
943 1584 1064 1634 copiis
1079 1584 1264 1634 populum
1282 1583 1423 1620 Roma—

274 1655 368 1679 num
383 1655 423 1680 se
440 1655 619 1692 superare
638 1656 752 1693 posse
769 1643 953 1680 confidat:
973 1644 1041 1680 sed
1057 1655 1139 1681 esse
1153 1643 1304 1681 Galliae
1319 1656 1423 1681 com-

275 1717 392 1741 mune
413 1704 639 1741 consilium:
678 1705 854 1741 omnibus
882 1704 1050 1742 hibernis
1071 1705 1245 1743 Caesaris
1275 1718 1424 1755 oppug-

275 1764 412 1802 nandis
433 1765 535 1801 hunc
556 1777 639 1802 esse
659 1765 804 1802 dictum
825 1765 941 1811 diem,
970 1779 1023 1803 ne
1043 1779 1118 1816 qua
1149 1766 1250 1816 legio
1283 1766 1426 1803 alterae

276 1825 418 1876 legioni
440 1826 608 1863 subsidio
624 1827 754 1863 venire
772 1834 916 1877 posset.
955 1827 1043 1865 Non
1058 1827 1170 1865 facile
1187 1827 1319 1864 Gallos
1332 1826 1425 1863 Gal-

277 1887 323 1924 lis
342 1899 486 1937 negare
505 1887 689 1937 potuisse,
710 1888 933 1938 praesertim
954 1901 1071 1939 quum
1094 1889 1141 1926 de
1160 1888 1426 1939 recuperanda

277 1948 471 1986 communi
491 1947 670 1985 libertate
695 1949 894 1986 consilium
916 1949 1050 1986 initum
1070 1949 1278 1986 videretur.
1332 1948 1425 1990 Qui-

274 2011 347 2047 bus
361 2008 537 2059 quoniam
557 2022 628 2059 pro
663 2009 806 2059 pietate
828 2010 1070 2056 satisfecerit,
1091 2011 1233 2047 habere
1263 2022 1366 2046 nunc
1385 2022 1425 2046 se

275 2071 464 2107 rationem
485 2069 596 2107 officii
616 2083 686 2120 pro
705 2071 902 2108 beneficiis
923 2071 1118 2109 Caesaris:
1143 2084 1322 2116 monere,
1341 2083 1425 2107 ora-

275 2145 318 2169 re
338 2131 528 2168 Titurium
548 2144 618 2181 pro
639 2132 819 2182 hospitio,
854 2140 895 2169 ut
924 2145 1013 2170 suae
1043 2145 1088 2170 ac
1122 2132 1281 2169 militum
1312 2131 1425 2169 saluti

275 2192 470 2233 consulam
498 2204 676 2242 magnam
706 2205 859 2229 manum
880 2193 1158 2230 Germanorum
1192 2193 1421 2230 conductam

275 2252 456 2289 Rhenum
476 2255 684 2296 transisse;
712 2254 812 2290 hanc
831 2254 964 2291 adfore
985 2255 1114 2291 biduo.
1167 2254 1341 2304 Ipsorum
1363 2265 1422 2290 es-

275 2325 315 2350 se
344 2313 558 2360 consilium,
591 2314 763 2352 velintne
794 2315 912 2365 prius,
939 2327 1051 2365 quam
1071 2314 1222 2352 finitimi
1242 2314 1421 2358 sentiant,
