1556 2683
273 284 347 319 ⁶218
554 281 627 317 DE
670 280 848 317 BELLO
888 279 1131 318 GALLICO

272 384 319 421 ad
340 383 588 428 deditionem,
626 384 749 433 potuit
770 383 922 428 adduci,
943 384 1049 433 quin,
1078 382 1281 419 fortissime
1300 396 1412 433 proe·

271 445 413 489 liando,
447 445 738 493 compluresque
768 445 1017 487 vulnerando,
1052 451 1222 494 cogeret,
1243 444 1362 481 elatos
1381 445 1410 481 i-

270 504 465 548 racundia,
487 503 650 540 victores
671 504 707 540 in
728 518 767 541 se
788 505 864 541 tela
884 505 1089 553 conjicere.

325 565 410 601 XX.
467 565 549 601 Tali
571 565 685 601 modo
705 578 745 601 re
765 573 885 614 gesta,
906 565 1124 602 recentibus
1144 565 1276 615 proelii
1297 565 1411 602 vesti-

270 627 342 677 giis
363 627 555 674 ingressus
578 628 733 670 Caesar,
767 639 898 676 quum,
918 626 1040 662 victos
1059 633 1164 663 tanta
1184 626 1414 671 calamitate,

274 687 510 725 existimaret
529 687 672 729 hostes,
693 687 834 723 nuncio
855 694 1031 736 accepto,
1060 686 1185 723 locum
1204 693 1415 723 castrorum

272 748 483 792 relicturos,
506 761 602 797 quae
625 761 698 784 non
720 747 871 795 longius
892 748 938 784 ab
959 760 1004 784 ea
1024 746 1141 784 caede
1174 748 1307 785 abesse
1334 748 1418 798 plus

271 810 395 845 minus
417 821 477 845 lix
497 809 662 846 millibus
682 809 920 853 dicebantur,
949 808 1100 845 tametsi
1119 807 1274 844 flumine
1294 808 1414 857 impe-

271 871 392 907 ditum
412 870 612 907 transitum
645 870 814 914 videbat,
848 878 975 906 tamen
995 869 1170 905 exercitu
1190 870 1414 906 transducto

271 931 529 981 progreditur.
583 932 634 968 At
658 930 865 975 Bellovaci,
886 930 1130 980 reliquaeque
1150 929 1337 976 civitates,
1358 943 1417 967 re-

270 999 387 1042 pente
409 1005 457 1028 ex
480 991 571 1041 fuga
590 992 736 1041 paucis,
765 1000 880 1041 atque
909 992 966 1028 his
986 992 1205 1037 vulneratis,
1238 992 1419 1042 receptis,

273 1053 336 1102 qui
354 1052 530 1089 silvarum
547 1052 734 1089 beneficio
749 1064 876 1089 casum
896 1052 1146 1097 evitaverant,
1163 1052 1337 1089 omnibus
1352 1053 1419 1090 ad-

272 1113 405 1157 versis,
436 1114 592 1161 cognita
615 1113 844 1158 calamitate,
866 1112 1069 1149 interfecto
1091 1114 1250 1157 Correo,
1282 1114 1419 1152 amisso

271 1175 445 1225 equitatu
465 1183 505 1211 et
524 1173 738 1210 fortissimis
753 1173 959 1223 peditibus,
986 1187 1101 1223 quum
1115 1173 1323 1211 adventare
1345 1175 1419 1212 Ro-

273 1249 406 1273 manos
440 1235 717 1278 existimarent,
747 1233 910 1271 concilio
932 1240 1091 1282 repente
1107 1242 1221 1271 cantu
1242 1235 1420 1273 tubarum

275 1303 502 1340 convocato,
536 1294 795 1340 conclamant,
827 1294 945 1343 legati
967 1294 1195 1344 obsidesque
1214 1295 1262 1331 ad
1283 1296 1421 1333 Caesa-

274 1370 354 1394 rem
374 1357 587 1393 mittantur.

326 1417 435 1454 XXI.
491 1417 581 1453 Hoc
595 1416 769 1453 omnibus
784 1417 948 1466 probato
964 1417 1138 1462 consilio,
1155 1418 1349 1456 Commius
1365 1421 1420 1457 A-

272 1479 400 1515 trebas
420 1478 467 1515 ad
488 1491 553 1514 eos
573 1477 744 1527 profugit
764 1476 991 1522 Germanos,
1023 1490 1045 1514 a
1066 1478 1201 1527 quibus
1218 1480 1265 1516 ad
1285 1480 1323 1517 id
1342 1482 1422 1518 bel-

274 1540 351 1576 lum
373 1539 518 1576 auxilia
537 1545 732 1575 mutuatu-s
753 1544 846 1574 erat.
903 1538 1030 1574 Ceteri
1049 1551 1070 1574 e
1089 1539 1250 1588 vestigio
1266 1542 1424 1578 mittunt

273 1602 322 1639 ad
342 1601 545 1638 Caesarem
567 1600 737 1649 legatos;
756 1606 986 1648 petuntque,
1008 1607 1048 1635 ut
1065 1612 1109 1636 ea
1124 1612 1248 1649 poena
1263 1601 1311 1637 sit
1331 1615 1421 1640 con-

275 1669 404 1698 tentus
424 1660 605 1705 hostium,
627 1672 738 1709 quam
761 1658 791 1695 si
808 1659 888 1695 sine
903 1659 1148 1696 dimicatione
1166 1661 1305 1699 inferre
1326 1662 1422 1700 inte-

273 1722 351 1772 gris
371 1729 513 1772 posset,
542 1734 611 1770 pro
631 1733 699 1757 sua
714 1720 918 1757 clementia
939 1720 1306 1772 atque-humanitate
1327 1737 1423 1761 nun·

275 1795 387 1831 quam
408 1781 586 1832 profecto
607 1788 706 1818 esset
735 1781 931 1818 illaturus:
959 1781 1116 1818 afflictas
1136 1795 1228 1832 opes
1255 1785 1423 1833 equestri

273 1841 421 1892 proelio
444 1841 733 1878 Bellovacorum
750 1854 856 1878 esse:
877 1841 1117 1878 delectorum
1135 1844 1306 1892 peditum
1326 1845 1423 1881 mul—

275 1910 314 1939 ta
333 1903 449 1939 millia
470 1902 669 1939 interisse:
703 1902 767 1938 vix
788 1898 986 1951 refugisse⁸
1006 1903 1166 1940 nuncios
1186 1905 1331 1941 caedis:
1365 1914 1421 1943 ta-

271 1977 359 2000 men
385 1976 579 2013 magnum,
601 1971 642 1999 ut
663 1963 698 1999 in
729 1970 835 2000 tanta
859 1963 1089 2007 calamitate,
1121 1964 1344 2002 Bellovacos
1373 1980 1420 2003 eo

273 2023 420 2074 proelio
454 2024 695 2061 commodum
717 2037 801 2060 esse
833 2031 1075 2069 consecutOS,
1110 2026 1212 2074 quod
1241 2026 1422 2072 Correus,

274 2091 410 2121 auctor
424 2084 529 2129 belli,
545 2084 760 2121 concitator
775 2083 1043 2128 multitudinis,
1063 2090 1164 2120 esset
1185 2084 1422 2122 interfectus.

274 2157 469 2194 nunquam
490 2144 592 2180 enim
612 2151 784 2180 senatum
807 2151 954 2180 tantum
981 2143 1018 2178 in
1045 2142 1213 2188 civitate,
1235 2143 1298 2179 illo
1323 2143 1422 2191 vivo,

276 2212 461 2254 quantum
476 2204 690 2254 imperitam
707 2204 873 2254 plebem,
893 2203 1074 2254 potuisse.

326 2263 455 2301 XXII.
510 2264 622 2301 Haec
639 2264 833 2301 orantibus
853 2264 1003 2314 legatis,
1024 2272 1296 2301 commemorat
1325 2265 1421 2302 Cae-

272 2338 346 2373 sar,
378 2326 515 2365 eodem
534 2332 707 2376 tempore
728 2326 924 2376 superiore
951 2338 1052 2364 anno
1073 2325 1298 2364 Bellovacos
1318 2334 1420 2364 cete-
