<?xml version="1.0" encoding="UTF-8"?>
<!DOCTYPE html PUBLIC "-//W3C//DTD XHTML 1.0 Transitional//EN"
    "http://www.w3.org/TR/xhtml1/DTD/xhtml1-transitional.dtd">
<html xmlns="http://www.w3.org/1999/xhtml" xml:lang="en" lang="en">
 <head>
  <title>
</title>
<meta http-equiv="Content-Type" content="text/html;charset=utf-8" />
  <meta name='ocr-system' content='tesseract 3.04.00' />
  <meta name='ocr-capabilities' content='ocr_page ocr_carea ocr_par ocr_line ocrx_word'/>
</head>
<body>
  <div class='ocr_page' id='page_1' title='image "./debellogallicoet01caesuoft_0266.png"; bbox 0 0 1556 2683; ppageno 0'>
   <div class='ocr_carea' id='block_1_1' title="bbox 279 295 1098 335">
    <p class='ocr_par' dir='ltr' id='par_1_1' title="bbox 279 295 1098 335">
     <span class='ocr_line' id='line_1_1' title="bbox 279 295 1098 335; baseline 0 -2"><span class='ocrx_word' id='word_1_1' title='bbox 279 297 353 333; x_wconf 76' lang='lat'>242</span> <span class='ocrx_word' id='word_1_2' title='bbox 597 296 671 333; x_wconf 87' lang='lat' dir='ltr'>DE</span> <span class='ocrx_word' id='word_1_3' title='bbox 711 296 889 334; x_wconf 84' lang='lat' dir='ltr'><strong>BELLO</strong></span> <span class='ocrx_word' id='word_1_4' title='bbox 930 295 1098 335; x_wconf 88' lang='lat' dir='ltr'>CIVILI</span> 
     </span>
    </p>
   </div>
   <div class='ocr_carea' id='block_1_2' title="bbox 275 397 1426 2390">
    <p class='ocr_par' dir='ltr' id='par_1_2' title="bbox 277 397 1423 738">
     <span class='ocr_line' id='line_1_2' title="bbox 280 397 1422 450; baseline 0.002 -16"><span class='ocrx_word' id='word_1_5' title='bbox 280 410 354 448; x_wconf 89' lang='lat' dir='ltr'>que</span> <span class='ocrx_word' id='word_1_6' title='bbox 373 398 606 448; x_wconf 83' lang='lat' dir='ltr'>pacaverint,</span> <span class='ocrx_word' id='word_1_7' title='bbox 627 407 667 436; x_wconf 88' lang='lat' dir='ltr'>ut</span> <span class='ocrx_word' id='word_1_8' title='bbox 680 401 762 448; x_wconf 84' lang='lat' dir='ltr'>ejus</span> <span class='ocrx_word' id='word_1_9' title='bbox 775 399 1095 436; x_wconf 83' lang='lat' dir='ltr'>existimationem</span> <span class='ocrx_word' id='word_1_10' title='bbox 1117 397 1422 450; x_wconf 78' lang='lat' dir='ltr'>dignitatemque</span> 
     </span>
     <span class='ocr_line' id='line_1_3' title="bbox 278 458 1423 510; baseline 0.003 -16"><span class='ocrx_word' id='word_1_11' title='bbox 278 459 326 495; x_wconf 87' lang='lat' dir='ltr'>ab</span> <span class='ocrx_word' id='word_1_12' title='bbox 342 458 504 495; x_wconf 87' lang='lat' dir='ltr'>inimicis</span> <span class='ocrx_word' id='word_1_13' title='bbox 519 459 739 496; x_wconf 77' lang='lat' dir='ltr'>defendant.</span> <span class='ocrx_word' id='word_1_14' title='bbox 768 460 1020 496; x_wconf 81' lang='lat' dir='ltr'>Conclamant</span> <span class='ocrx_word' id='word_1_15' title='bbox 1033 459 1194 509; x_wconf 83' lang='lat' dir='ltr'>legionis</span> <span class='ocrx_word' id='word_1_16' title='bbox 1208 472 1303 505; x_wconf 79' lang='lat' dir='ltr'>xul,</span> <span class='ocrx_word' id='word_1_17' title='bbox 1323 473 1423 510; x_wconf 83' lang='lat' dir='ltr'>quae</span> 
     </span>
     <span class='ocr_line' id='line_1_4' title="bbox 278 518 1422 570; baseline 0.003 -15"><span class='ocrx_word' id='word_1_18' title='bbox 278 518 425 564; x_wconf 88' lang='lat' dir='ltr'>aderat,</span> <span class='ocrx_word' id='word_1_19' title='bbox 459 519 610 564; x_wconf 86' lang='lat' dir='ltr'>milites,</span> <span class='ocrx_word' id='word_1_20' title='bbox 645 520 765 570; x_wconf 80' lang='lat' dir='ltr'>(hanc</span> <span class='ocrx_word' id='word_1_21' title='bbox 785 520 885 556; x_wconf 90' lang='lat' dir='ltr'>enim</span> <span class='ocrx_word' id='word_1_22' title='bbox 905 520 1013 557; x_wconf 89' lang='lat' dir='ltr'>initio</span> <span class='ocrx_word' id='word_1_23' title='bbox 1032 521 1217 558; x_wconf 88' lang='lat' dir='ltr'>tumultus</span> <span class='ocrx_word' id='word_1_24' title='bbox 1237 533 1422 559; x_wconf 85' lang='lat' dir='ltr'>evocave-</span> 
     </span>
     <span class='ocr_line' id='line_1_5' title="bbox 278 579 1423 631; baseline 0.003 -16"><span class='ocrx_word' id='word_1_25' title='bbox 278 586 336 616; x_wconf 84' lang='lat' dir='ltr'>rat</span> <span class='ocrx_word' id='word_1_26' title='bbox 353 593 361 615; x_wconf 90' lang='lat'>:</span> <span class='ocrx_word' id='word_1_27' title='bbox 390 579 560 629; x_wconf 88' lang='lat' dir='ltr'>reliquae</span> <span class='ocrx_word' id='word_1_28' title='bbox 579 580 749 616; x_wconf 88' lang='lat' dir='ltr'>nondum</span> <span class='ocrx_word' id='word_1_29' title='bbox 770 581 1052 631; x_wconf 82' lang='lat' dir='ltr'>convenerant)</span> <span class='ocrx_word' id='word_1_30' title='bbox 1090 593 1172 617; x_wconf 86' lang='lat' dir='ltr'>sese</span> <span class='ocrx_word' id='word_1_31' title='bbox 1192 588 1344 631; x_wconf 82' lang='lat' dir='ltr'>paratos</span> <span class='ocrx_word' id='word_1_32' title='bbox 1364 594 1423 618; x_wconf 85' lang='lat' dir='ltr'>es-</span> 
     </span>
     <span class='ocr_line' id='line_1_6' title="bbox 281 640 1422 691; baseline 0.002 -15"><span class='ocrx_word' id='word_1_33' title='bbox 281 652 322 676; x_wconf 87' lang='lat' dir='ltr'>se</span> <span class='ocrx_word' id='word_1_34' title='bbox 343 640 582 689; x_wconf 86' lang='lat' dir='ltr'>imperatoris</span> <span class='ocrx_word' id='word_1_35' title='bbox 602 640 659 676; x_wconf 90' lang='lat' dir='ltr'>sui</span> <span class='ocrx_word' id='word_1_36' title='bbox 680 640 996 691; x_wconf 87' lang='lat' dir='ltr'>tribunorumque</span> <span class='ocrx_word' id='word_1_37' title='bbox 1024 641 1146 691; x_wconf 88' lang='lat' dir='ltr'>plebis</span> <span class='ocrx_word' id='word_1_38' title='bbox 1174 641 1329 691; x_wconf 84' lang='lat' dir='ltr'>injurias</span> <span class='ocrx_word' id='word_1_39' title='bbox 1357 641 1422 679; x_wconf 89' lang='lat' dir='ltr'>de-</span> 
     </span>
     <span class='ocr_line' id='line_1_7' title="bbox 277 701 448 738; baseline 0 -1"><span class='ocrx_word' id='word_1_40' title='bbox 277 701 448 738; x_wconf 83' lang='lat' dir='ltr'>fendere.</span> 
     </span>
    </p>

    <p class='ocr_par' dir='ltr' id='par_1_3' title="bbox 275 761 1426 1842">
     <span class='ocr_line' id='line_1_8' title="bbox 328 761 1425 812; baseline 0.003 -15"><span class='ocrx_word' id='word_1_41' title='bbox 328 761 440 798; x_wconf 88' lang='lat' dir='ltr'>VIII.</span> <span class='ocrx_word' id='word_1_42' title='bbox 493 762 659 812; x_wconf 86' lang='lat' dir='ltr'>Cognita</span> <span class='ocrx_word' id='word_1_43' title='bbox 679 762 839 799; x_wconf 82' lang='lat' dir='ltr'>militum</span> <span class='ocrx_word' id='word_1_44' title='bbox 859 763 1069 808; x_wconf 83' lang='lat' dir='ltr'>voluntate,</span> <span class='ocrx_word' id='word_1_45' title='bbox 1099 763 1315 799; x_wconf 84' lang='lat' dir='ltr'>Ariminum</span> <span class='ocrx_word' id='word_1_46' title='bbox 1337 776 1425 800; x_wconf 85' lang='lat' dir='ltr'>cum</span> 
     </span>
     <span class='ocr_line' id='line_1_9' title="bbox 277 822 1422 873; baseline 0 -14"><span class='ocrx_word' id='word_1_47' title='bbox 277 835 323 859; x_wconf 90' lang='lat' dir='ltr'>ea</span> <span class='ocrx_word' id='word_1_48' title='bbox 340 822 492 871; x_wconf 84' lang='lat' dir='ltr'>legione</span> <span class='ocrx_word' id='word_1_49' title='bbox 511 822 782 871; x_wconf 84' lang='lat' dir='ltr'>proficiscitur,</span> <span class='ocrx_word' id='word_1_50' title='bbox 802 823 931 873; x_wconf 86' lang='lat' dir='ltr'>ibique</span> <span class='ocrx_word' id='word_1_51' title='bbox 945 824 1118 860; x_wconf 87' lang='lat' dir='ltr'>tribunos</span> <span class='ocrx_word' id='word_1_52' title='bbox 1134 823 1270 872; x_wconf 90' lang='lat' dir='ltr'>plebis,</span> <span class='ocrx_word' id='word_1_53' title='bbox 1292 823 1356 873; x_wconf 89' lang='lat' dir='ltr'>qui</span> <span class='ocrx_word' id='word_1_54' title='bbox 1372 822 1422 859; x_wconf 85' lang='lat' dir='ltr'>ad</span> 
     </span>
     <span class='ocr_line' id='line_1_10' title="bbox 277 881 1424 933; baseline 0 -13"><span class='ocrx_word' id='word_1_55' title='bbox 277 895 364 920; x_wconf 88' lang='lat' dir='ltr'>eum</span> <span class='ocrx_word' id='word_1_56' title='bbox 384 881 651 931; x_wconf 81' lang='lat' dir='ltr'>confugerant,</span> <span class='ocrx_word' id='word_1_57' title='bbox 682 884 883 920; x_wconf 84' lang='lat' dir='ltr'>convenit:</span> <span class='ocrx_word' id='word_1_58' title='bbox 922 884 1086 933; x_wconf 85' lang='lat' dir='ltr'>reliquas</span> <span class='ocrx_word' id='word_1_59' title='bbox 1105 883 1277 933; x_wconf 85' lang='lat' dir='ltr'>legiones</span> <span class='ocrx_word' id='word_1_60' title='bbox 1298 897 1346 920; x_wconf 83' lang='lat' dir='ltr'>ex</span> <span class='ocrx_word' id='word_1_61' title='bbox 1366 883 1424 920; x_wconf 90' lang='lat' dir='ltr'>hi-</span> 
     </span>
     <span class='ocr_line' id='line_1_11' title="bbox 275 943 1424 993; baseline 0.001 -14"><span class='ocrx_word' id='word_1_62' title='bbox 275 943 404 980; x_wconf 88' lang='lat' dir='ltr'>bernis</span> <span class='ocrx_word' id='word_1_63' title='bbox 424 950 573 987; x_wconf 87' lang='lat' dir='ltr'>evocat,</span> <span class='ocrx_word' id='word_1_64' title='bbox 594 950 632 980; x_wconf 79' lang='lat' dir='ltr'>et</span> <span class='ocrx_word' id='word_1_65' title='bbox 652 943 831 993; x_wconf 83' lang='lat' dir='ltr'>subsequi</span> <span class='ocrx_word' id='word_1_66' title='bbox 847 944 971 992; x_wconf 80' lang='lat' dir='ltr'>jubet.</span> <span class='ocrx_word' id='word_1_67' title='bbox 1028 943 1085 979; x_wconf 90' lang='lat' dir='ltr'>Eo</span> <span class='ocrx_word' id='word_1_68' title='bbox 1105 943 1151 979; x_wconf 91' lang='lat' dir='ltr'>L.</span> <span class='ocrx_word' id='word_1_69' title='bbox 1173 943 1313 981; x_wconf 89' lang='lat' dir='ltr'>Caesar</span> <span class='ocrx_word' id='word_1_70' title='bbox 1333 943 1424 980; x_wconf 87' lang='lat' dir='ltr'>ado-</span> 
     </span>
     <span class='ocr_line' id='line_1_12' title="bbox 275 1003 1424 1053; baseline 0.001 -14"><span class='ocrx_word' id='word_1_71' title='bbox 275 1004 424 1041; x_wconf 86' lang='lat' dir='ltr'>lescens</span> <span class='ocrx_word' id='word_1_72' title='bbox 442 1003 561 1048; x_wconf 88' lang='lat' dir='ltr'>venit,</span> <span class='ocrx_word' id='word_1_73' title='bbox 590 1005 698 1053; x_wconf 87' lang='lat' dir='ltr'>cujus</span> <span class='ocrx_word' id='word_1_74' title='bbox 717 1013 825 1053; x_wconf 78' lang='lat' dir='ltr'>pater</span> <span class='ocrx_word' id='word_1_75' title='bbox 845 1004 1017 1041; x_wconf 78' lang='lat' dir='ltr'>Caesaris</span> <span class='ocrx_word' id='word_1_76' title='bbox 1046 1012 1127 1041; x_wconf 86' lang='lat' dir='ltr'>erat</span> <span class='ocrx_word' id='word_1_77' title='bbox 1155 1004 1317 1053; x_wconf 85' lang='lat' dir='ltr'>legatus.</span> <span class='ocrx_word' id='word_1_78' title='bbox 1371 1003 1424 1049; x_wconf 91' lang='lat' dir='ltr'>Is,</span> 
     </span>
     <span class='ocr_line' id='line_1_13' title="bbox 276 1065 1425 1114; baseline -0.001 -13"><span class='ocrx_word' id='word_1_79' title='bbox 276 1065 424 1114; x_wconf 88' lang='lat' dir='ltr'>reliquo</span> <span class='ocrx_word' id='word_1_80' title='bbox 459 1077 634 1102; x_wconf 81' lang='lat' dir='ltr'>sermone</span> <span class='ocrx_word' id='word_1_81' title='bbox 667 1065 859 1110; x_wconf 83' lang='lat' dir='ltr'>confecto,</span> <span class='ocrx_word' id='word_1_82' title='bbox 889 1067 998 1114; x_wconf 89' lang='lat' dir='ltr'>cujus</span> <span class='ocrx_word' id='word_1_83' title='bbox 1018 1065 1072 1101; x_wconf 89' lang='lat' dir='ltr'>rei</span> <span class='ocrx_word' id='word_1_84' title='bbox 1102 1077 1235 1102; x_wconf 84' lang='lat' dir='ltr'>caussa</span> <span class='ocrx_word' id='word_1_85' title='bbox 1253 1071 1425 1109; x_wconf 86' lang='lat' dir='ltr'>venerat,</span> 
     </span>
     <span class='ocr_line' id='line_1_14' title="bbox 276 1124 1426 1175; baseline 0.001 -15"><span class='ocrx_word' id='word_1_86' title='bbox 276 1125 418 1162; x_wconf 86' lang='lat' dir='ltr'>habere</span> <span class='ocrx_word' id='word_1_87' title='bbox 438 1137 478 1161; x_wconf 91' lang='lat' dir='ltr'>se</span> <span class='ocrx_word' id='word_1_88' title='bbox 498 1138 520 1162; x_wconf 83' lang='lat' dir='ltr'>a</span> <span class='ocrx_word' id='word_1_89' title='bbox 549 1125 733 1174; x_wconf 86' lang='lat' dir='ltr'>Pompeio</span> <span class='ocrx_word' id='word_1_90' title='bbox 754 1125 801 1161; x_wconf 79' lang='lat' dir='ltr'>ad</span> <span class='ocrx_word' id='word_1_91' title='bbox 829 1138 917 1161; x_wconf 89' lang='lat' dir='ltr'>eum</span> <span class='ocrx_word' id='word_1_92' title='bbox 946 1125 1083 1175; x_wconf 89' lang='lat' dir='ltr'>privati</span> <span class='ocrx_word' id='word_1_93' title='bbox 1103 1124 1216 1161; x_wconf 88' lang='lat' dir='ltr'>officii</span> <span class='ocrx_word' id='word_1_94' title='bbox 1243 1124 1426 1162; x_wconf 87' lang='lat' dir='ltr'>mandata</span> 
     </span>
     <span class='ocr_line' id='line_1_15' title="bbox 276 1185 1422 1236; baseline -0.001 -14"><span class='ocrx_word' id='word_1_95' title='bbox 276 1185 539 1223; x_wconf 85' lang='lat' dir='ltr'>demonstrat:</span> <span class='ocrx_word' id='word_1_96' title='bbox 572 1186 682 1222; x_wconf 85' lang='lat' dir='ltr'>Velle</span> <span class='ocrx_word' id='word_1_97' title='bbox 711 1186 937 1236; x_wconf 83' lang='lat' dir='ltr'>Pompeium</span> <span class='ocrx_word' id='word_1_98' title='bbox 957 1199 997 1222; x_wconf 93' lang='lat' dir='ltr'>se</span> <span class='ocrx_word' id='word_1_99' title='bbox 1019 1186 1174 1224; x_wconf 85' lang='lat' dir='ltr'>Caesari</span> <span class='ocrx_word' id='word_1_100' title='bbox 1202 1193 1422 1236; x_wconf 85' lang='lat' dir='ltr'>purgatum,</span> 
     </span>
     <span class='ocr_line' id='line_1_16' title="bbox 276 1246 1423 1297; baseline -0.002 -14"><span class='ocrx_word' id='word_1_101' title='bbox 276 1260 326 1285; x_wconf 90' lang='lat' dir='ltr'>ne</span> <span class='ocrx_word' id='word_1_102' title='bbox 346 1260 404 1292; x_wconf 85' lang='lat' dir='ltr'>ea,</span> <span class='ocrx_word' id='word_1_103' title='bbox 425 1260 521 1296; x_wconf 88' lang='lat' dir='ltr'>quae</span> <span class='ocrx_word' id='word_1_104' title='bbox 542 1246 777 1297; x_wconf 87' lang='lat' dir='ltr'>reipublicae</span> <span class='ocrx_word' id='word_1_105' title='bbox 797 1259 930 1284; x_wconf 83' lang='lat' dir='ltr'>caussa</span> <span class='ocrx_word' id='word_1_106' title='bbox 957 1246 1094 1296; x_wconf 81' lang='lat' dir='ltr'>egerit,</span> <span class='ocrx_word' id='word_1_107' title='bbox 1126 1246 1164 1282; x_wconf 89' lang='lat' dir='ltr'>in</span> <span class='ocrx_word' id='word_1_108' title='bbox 1193 1258 1300 1282; x_wconf 88' lang='lat' dir='ltr'>suam</span> <span class='ocrx_word' id='word_1_109' title='bbox 1331 1258 1423 1283; x_wconf 91' lang='lat' dir='ltr'>con-</span> 
     </span>
     <span class='ocr_line' id='line_1_17' title="bbox 276 1306 1425 1357; baseline -0.003 -12"><span class='ocrx_word' id='word_1_110' title='bbox 276 1308 471 1345; x_wconf 84' lang='lat' dir='ltr'>tumeliam</span> <span class='ocrx_word' id='word_1_111' title='bbox 488 1315 631 1345; x_wconf 86' lang='lat' dir='ltr'>vertat:</span> <span class='ocrx_word' id='word_1_112' title='bbox 659 1320 809 1357; x_wconf 84' lang='lat' dir='ltr'>semper</span> <span class='ocrx_word' id='word_1_113' title='bbox 824 1320 863 1343; x_wconf 84' lang='lat' dir='ltr'>se</span> <span class='ocrx_word' id='word_1_114' title='bbox 880 1307 1112 1357; x_wconf 84' lang='lat' dir='ltr'>reipublicae</span> <span class='ocrx_word' id='word_1_115' title='bbox 1127 1306 1329 1343; x_wconf 88' lang='lat' dir='ltr'>commoda</span> <span class='ocrx_word' id='word_1_116' title='bbox 1347 1306 1425 1355; x_wconf 89' lang='lat' dir='ltr'>pri-</span> 
     </span>
     <span class='ocr_line' id='line_1_18' title="bbox 276 1367 1423 1417; baseline -0.002 -13"><span class='ocrx_word' id='word_1_117' title='bbox 276 1369 372 1405; x_wconf 87' lang='lat' dir='ltr'>vatis</span> <span class='ocrx_word' id='word_1_118' title='bbox 391 1367 685 1404; x_wconf 82' lang='lat' dir='ltr'>necessitatibus</span> <span class='ocrx_word' id='word_1_119' title='bbox 701 1367 879 1403; x_wconf 80' lang='lat' dir='ltr'>habuisse</span> <span class='ocrx_word' id='word_1_120' title='bbox 899 1367 1073 1417; x_wconf 86' lang='lat' dir='ltr'>potiora:</span> <span class='ocrx_word' id='word_1_121' title='bbox 1104 1367 1308 1404; x_wconf 84' lang='lat' dir='ltr'>Caesarem</span> <span class='ocrx_word' id='word_1_122' title='bbox 1329 1378 1423 1416; x_wconf 92' lang='lat' dir='ltr'>quo-</span> 
     </span>
     <span class='ocr_line' id='line_1_19' title="bbox 276 1426 1424 1478; baseline -0.001 -14"><span class='ocrx_word' id='word_1_123' title='bbox 276 1441 351 1478; x_wconf 90' lang='lat' dir='ltr'>que</span> <span class='ocrx_word' id='word_1_124' title='bbox 380 1441 448 1478; x_wconf 88' lang='lat' dir='ltr'>pro</span> <span class='ocrx_word' id='word_1_125' title='bbox 468 1440 536 1464; x_wconf 77' lang='lat' dir='ltr'>sua</span> <span class='ocrx_word' id='word_1_126' title='bbox 569 1426 755 1476; x_wconf 84' lang='lat' dir='ltr'>dignitate</span> <span class='ocrx_word' id='word_1_127' title='bbox 786 1426 927 1463; x_wconf 81' lang='lat' dir='ltr'>debere</span> <span class='ocrx_word' id='word_1_128' title='bbox 948 1434 986 1463; x_wconf 87' lang='lat' dir='ltr'>et</span> <span class='ocrx_word' id='word_1_129' title='bbox 1014 1427 1181 1464; x_wconf 85' lang='lat' dir='ltr'>studium</span> <span class='ocrx_word' id='word_1_130' title='bbox 1202 1434 1241 1464; x_wconf 88' lang='lat' dir='ltr'>et</span> <span class='ocrx_word' id='word_1_131' title='bbox 1271 1427 1424 1464; x_wconf 91' lang='lat' dir='ltr'>iracun-</span> 
     </span>
     <span class='ocr_line' id='line_1_20' title="bbox 276 1486 1425 1537; baseline -0.003 -12"><span class='ocrx_word' id='word_1_132' title='bbox 276 1488 377 1525; x_wconf 87' lang='lat' dir='ltr'>diam</span> <span class='ocrx_word' id='word_1_133' title='bbox 394 1500 499 1524; x_wconf 87' lang='lat' dir='ltr'>suam</span> <span class='ocrx_word' id='word_1_134' title='bbox 515 1486 747 1537; x_wconf 87' lang='lat' dir='ltr'>reipublicae</span> <span class='ocrx_word' id='word_1_135' title='bbox 767 1486 974 1532; x_wconf 85' lang='lat' dir='ltr'>dimittere,</span> <span class='ocrx_word' id='word_1_136' title='bbox 994 1499 1120 1536; x_wconf 91' lang='lat' dir='ltr'>neque</span> <span class='ocrx_word' id='word_1_137' title='bbox 1140 1486 1237 1524; x_wconf 88' lang='lat' dir='ltr'>adeo</span> <span class='ocrx_word' id='word_1_138' title='bbox 1256 1486 1425 1536; x_wconf 87' lang='lat' dir='ltr'>graviter</span> 
     </span>
     <span class='ocr_line' id='line_1_21' title="bbox 277 1546 1426 1597; baseline -0.001 -13"><span class='ocrx_word' id='word_1_139' title='bbox 277 1548 387 1586; x_wconf 87' lang='lat' dir='ltr'>irasci</span> <span class='ocrx_word' id='word_1_140' title='bbox 407 1547 584 1593; x_wconf 85' lang='lat' dir='ltr'>inimicis,</span> <span class='ocrx_word' id='word_1_141' title='bbox 605 1561 667 1592; x_wconf 88' lang='lat' dir='ltr'>ne,</span> <span class='ocrx_word' id='word_1_142' title='bbox 688 1560 805 1597; x_wconf 89' lang='lat' dir='ltr'>quum</span> <span class='ocrx_word' id='word_1_143' title='bbox 825 1547 896 1583; x_wconf 88' lang='lat' dir='ltr'>illis</span> <span class='ocrx_word' id='word_1_144' title='bbox 916 1559 1058 1584; x_wconf 90' lang='lat' dir='ltr'>nocere</span> <span class='ocrx_word' id='word_1_145' title='bbox 1077 1559 1117 1583; x_wconf 88' lang='lat' dir='ltr'>se</span> <span class='ocrx_word' id='word_1_146' title='bbox 1136 1553 1278 1597; x_wconf 86' lang='lat' dir='ltr'>speret,</span> <span class='ocrx_word' id='word_1_147' title='bbox 1298 1546 1426 1596; x_wconf 89' lang='lat' dir='ltr'>reipu-</span> 
     </span>
     <span class='ocr_line' id='line_1_22' title="bbox 275 1607 1424 1657; baseline -0.001 -12"><span class='ocrx_word' id='word_1_148' title='bbox 275 1610 400 1646; x_wconf 85' lang='lat' dir='ltr'>blicae</span> <span class='ocrx_word' id='word_1_149' title='bbox 419 1618 570 1647; x_wconf 86' lang='lat' dir='ltr'>noceat.</span> <span class='ocrx_word' id='word_1_150' title='bbox 608 1608 738 1645; x_wconf 87' lang='lat' dir='ltr'>Pauca</span> <span class='ocrx_word' id='word_1_151' title='bbox 757 1607 928 1657; x_wconf 84' lang='lat' dir='ltr'>ejusdem</span> <span class='ocrx_word' id='word_1_152' title='bbox 948 1608 1099 1657; x_wconf 86' lang='lat' dir='ltr'>generis</span> <span class='ocrx_word' id='word_1_153' title='bbox 1112 1608 1231 1653; x_wconf 83' lang='lat' dir='ltr'>addit,</span> <span class='ocrx_word' id='word_1_154' title='bbox 1253 1621 1341 1644; x_wconf 90' lang='lat' dir='ltr'>cum</span> <span class='ocrx_word' id='word_1_155' title='bbox 1356 1621 1424 1645; x_wconf 83' lang='lat' dir='ltr'>ex-</span> 
     </span>
     <span class='ocr_line' id='line_1_23' title="bbox 277 1668 1422 1720; baseline -0.001 -13"><span class='ocrx_word' id='word_1_156' title='bbox 277 1670 475 1707; x_wconf 84' lang='lat' dir='ltr'>cusatione</span> <span class='ocrx_word' id='word_1_157' title='bbox 494 1669 666 1720; x_wconf 87' lang='lat' dir='ltr'>Pompeii</span> <span class='ocrx_word' id='word_1_158' title='bbox 683 1670 902 1718; x_wconf 85' lang='lat' dir='ltr'>conjuncta.</span> <span class='ocrx_word' id='word_1_159' title='bbox 931 1668 1077 1705; x_wconf 82' lang='lat' dir='ltr'>Eadem</span> <span class='ocrx_word' id='word_1_160' title='bbox 1097 1668 1192 1714; x_wconf 89' lang='lat' dir='ltr'>fere,</span> <span class='ocrx_word' id='word_1_161' title='bbox 1213 1677 1328 1719; x_wconf 85' lang='lat' dir='ltr'>atque</span> <span class='ocrx_word' id='word_1_162' title='bbox 1349 1669 1422 1706; x_wconf 88' lang='lat' dir='ltr'>eis-</span> 
     </span>
     <span class='ocr_line' id='line_1_24' title="bbox 278 1729 1425 1781; baseline -0.001 -13"><span class='ocrx_word' id='word_1_163' title='bbox 278 1731 366 1769; x_wconf 88' lang='lat' dir='ltr'>dem</span> <span class='ocrx_word' id='word_1_164' title='bbox 386 1732 513 1777; x_wconf 87' lang='lat' dir='ltr'>rebus,</span> <span class='ocrx_word' id='word_1_165' title='bbox 542 1737 696 1781; x_wconf 84' lang='lat' dir='ltr'>praetor</span> <span class='ocrx_word' id='word_1_166' title='bbox 728 1729 892 1767; x_wconf 85' lang='lat' dir='ltr'>Roscius</span> <span class='ocrx_word' id='word_1_167' title='bbox 912 1729 991 1779; x_wconf 85' lang='lat' dir='ltr'>agit</span> <span class='ocrx_word' id='word_1_168' title='bbox 1010 1742 1097 1766; x_wconf 89' lang='lat' dir='ltr'>cum</span> <span class='ocrx_word' id='word_1_169' title='bbox 1126 1730 1304 1776; x_wconf 85' lang='lat' dir='ltr'>Caesare,</span> <span class='ocrx_word' id='word_1_170' title='bbox 1337 1731 1425 1768; x_wconf 89' lang='lat' dir='ltr'>sibi-</span> 
     </span>
     <span class='ocr_line' id='line_1_25' title="bbox 278 1789 1245 1842; baseline -0.001 -14"><span class='ocrx_word' id='word_1_171' title='bbox 278 1805 352 1842; x_wconf 90' lang='lat' dir='ltr'>que</span> <span class='ocrx_word' id='word_1_172' title='bbox 385 1790 611 1841; x_wconf 87' lang='lat' dir='ltr'>Pompeium</span> <span class='ocrx_word' id='word_1_173' title='bbox 644 1790 962 1826; x_wconf 66' lang='lat' dir='ltr'>commemorasse</span> <span class='ocrx_word' id='word_1_174' title='bbox 996 1789 1245 1827; x_wconf 81' lang='lat' dir='ltr'>demonstrat.</span> 
     </span>
    </p>

    <p class='ocr_par' dir='ltr' id='par_1_4' title="bbox 276 1850 1424 2390">
     <span class='ocr_line' id='line_1_26' title="bbox 329 1850 1422 1901; baseline 0.001 -13"><span class='ocrx_word' id='word_1_175' title='bbox 329 1852 400 1889; x_wconf 89' lang='lat' dir='ltr'>IX.</span> <span class='ocrx_word' id='word_1_176' title='bbox 454 1853 563 1893; x_wconf 81' lang='lat' dir='ltr'>Quae</span> <span class='ocrx_word' id='word_1_177' title='bbox 583 1863 643 1888; x_wconf 89' lang='lat' dir='ltr'>res</span> <span class='ocrx_word' id='word_1_178' title='bbox 657 1850 727 1887; x_wconf 85' lang='lat' dir='ltr'>etsi</span> <span class='ocrx_word' id='word_1_179' title='bbox 746 1850 839 1886; x_wconf 80' lang='lat' dir='ltr'>nihii</span> <span class='ocrx_word' id='word_1_180' title='bbox 855 1850 904 1887; x_wconf 82' lang='lat' dir='ltr'>ad</span> <span class='ocrx_word' id='word_1_181' title='bbox 924 1850 1102 1887; x_wconf 86' lang='lat' dir='ltr'>levandas</span> <span class='ocrx_word' id='word_1_182' title='bbox 1122 1851 1278 1900; x_wconf 84' lang='lat' dir='ltr'>injurias</span> <span class='ocrx_word' id='word_1_183' title='bbox 1304 1852 1422 1901; x_wconf 81' lang='lat' dir='ltr'>perti-</span> 
     </span>
     <span class='ocr_line' id='line_1_27' title="bbox 278 1911 1422 1964; baseline 0 -13"><span class='ocrx_word' id='word_1_184' title='bbox 278 1927 370 1951; x_wconf 91' lang='lat' dir='ltr'>nere</span> <span class='ocrx_word' id='word_1_185' title='bbox 389 1913 630 1958; x_wconf 88' lang='lat' dir='ltr'>videbantur,</span> <span class='ocrx_word' id='word_1_186' title='bbox 651 1919 792 1958; x_wconf 83' lang='lat' dir='ltr'>tamen,</span> <span class='ocrx_word' id='word_1_187' title='bbox 813 1911 971 1948; x_wconf 86' lang='lat' dir='ltr'>idoneos</span> <span class='ocrx_word' id='word_1_188' title='bbox 991 1919 1126 1949; x_wconf 90' lang='lat' dir='ltr'>nactus</span> <span class='ocrx_word' id='word_1_189' title='bbox 1146 1912 1333 1959; x_wconf 88' lang='lat' dir='ltr'>homines,</span> <span class='ocrx_word' id='word_1_190' title='bbox 1353 1927 1422 1964; x_wconf 89' lang='lat' dir='ltr'>per</span> 
     </span>
     <span class='ocr_line' id='line_1_28' title="bbox 279 1972 1423 2025; baseline 0.001 -14"><span class='ocrx_word' id='word_1_191' title='bbox 279 1987 375 2025; x_wconf 89' lang='lat' dir='ltr'>quos</span> <span class='ocrx_word' id='word_1_192' title='bbox 394 1987 453 2019; x_wconf 88' lang='lat' dir='ltr'>ea,</span> <span class='ocrx_word' id='word_1_193' title='bbox 486 1986 582 2024; x_wconf 91' lang='lat' dir='ltr'>quae</span> <span class='ocrx_word' id='word_1_194' title='bbox 601 1972 731 2017; x_wconf 85' lang='lat' dir='ltr'>vellet,</span> <span class='ocrx_word' id='word_1_195' title='bbox 764 1973 811 2009; x_wconf 86' lang='lat' dir='ltr'>ad</span> <span class='ocrx_word' id='word_1_196' title='bbox 831 1985 918 2008; x_wconf 89' lang='lat' dir='ltr'>eum</span> <span class='ocrx_word' id='word_1_197' title='bbox 947 1972 1221 2022; x_wconf 87' lang='lat' dir='ltr'>perferrentur,</span> <span class='ocrx_word' id='word_1_198' title='bbox 1250 1975 1346 2024; x_wconf 86' lang='lat' dir='ltr'>petit</span> <span class='ocrx_word' id='word_1_199' title='bbox 1375 1975 1423 2012; x_wconf 86' lang='lat' dir='ltr'>ab</span> 
     </span>
     <span class='ocr_line' id='line_1_29' title="bbox 280 2032 1424 2086; baseline -0.002 -13"><span class='ocrx_word' id='word_1_200' title='bbox 280 2043 458 2086; x_wconf 85' lang='lat' dir='ltr'>utroque,</span> <span class='ocrx_word' id='word_1_201' title='bbox 479 2034 655 2085; x_wconf 86' lang='lat' dir='ltr'>quoniam</span> <span class='ocrx_word' id='word_1_202' title='bbox 677 2032 851 2083; x_wconf 87' lang='lat' dir='ltr'>Pompeii</span> <span class='ocrx_word' id='word_1_203' title='bbox 870 2032 1050 2069; x_wconf 83' lang='lat' dir='ltr'>mandata</span> <span class='ocrx_word' id='word_1_204' title='bbox 1068 2032 1116 2069; x_wconf 88' lang='lat' dir='ltr'>ad</span> <span class='ocrx_word' id='word_1_205' title='bbox 1137 2046 1176 2070; x_wconf 90' lang='lat' dir='ltr'>se</span> <span class='ocrx_word' id='word_1_206' title='bbox 1201 2034 1424 2081; x_wconf 89' lang='lat' dir='ltr'>detulerint,</span> 
     </span>
     <span class='ocr_line' id='line_1_30' title="bbox 276 2093 1420 2146; baseline -0.002 -12"><span class='ocrx_word' id='word_1_207' title='bbox 276 2109 327 2133; x_wconf 89' lang='lat' dir='ltr'>ne</span> <span class='ocrx_word' id='word_1_208' title='bbox 346 2102 553 2146; x_wconf 88' lang='lat' dir='ltr'>graventur</span> <span class='ocrx_word' id='word_1_209' title='bbox 573 2106 640 2130; x_wconf 89' lang='lat' dir='ltr'>sua</span> <span class='ocrx_word' id='word_1_210' title='bbox 667 2106 820 2143; x_wconf 90' lang='lat' dir='ltr'>quoque</span> <span class='ocrx_word' id='word_1_211' title='bbox 840 2093 888 2129; x_wconf 85' lang='lat' dir='ltr'>ad</span> <span class='ocrx_word' id='word_1_212' title='bbox 908 2106 995 2129; x_wconf 88' lang='lat' dir='ltr'>eum</span> <span class='ocrx_word' id='word_1_213' title='bbox 1024 2094 1216 2143; x_wconf 87' lang='lat' dir='ltr'>postulata</span> <span class='ocrx_word' id='word_1_214' title='bbox 1243 2094 1393 2132; x_wconf 88' lang='lat' dir='ltr'>deferre</span> <span class='ocrx_word' id='word_1_215' title='bbox 1410 2111 1420 2137; x_wconf 90' lang='lat'>;</span> 
     </span>
     <span class='ocr_line' id='line_1_31' title="bbox 277 2153 1422 2207; baseline -0.003 -13"><span class='ocrx_word' id='word_1_216' title='bbox 277 2157 309 2194; x_wconf 89' lang='lat' dir='ltr'>si</span> <span class='ocrx_word' id='word_1_217' title='bbox 342 2169 459 2207; x_wconf 82' lang='lat' dir='ltr'>parvo</span> <span class='ocrx_word' id='word_1_218' title='bbox 477 2156 606 2192; x_wconf 86' lang='lat' dir='ltr'>labore</span> <span class='ocrx_word' id='word_1_219' title='bbox 633 2167 788 2203; x_wconf 87' lang='lat' dir='ltr'>magnas</span> <span class='ocrx_word' id='word_1_220' title='bbox 817 2153 1095 2190; x_wconf 82' lang='lat' dir='ltr'>controversias</span> <span class='ocrx_word' id='word_1_221' title='bbox 1125 2154 1273 2200; x_wconf 86' lang='lat' dir='ltr'>tollere,</span> <span class='ocrx_word' id='word_1_222' title='bbox 1306 2162 1422 2205; x_wconf 87' lang='lat' dir='ltr'>atque</span> 
     </span>
     <span class='ocr_line' id='line_1_32' title="bbox 279 2215 1423 2266; baseline -0.001 -12"><span class='ocrx_word' id='word_1_223' title='bbox 279 2230 431 2255; x_wconf 89' lang='lat' dir='ltr'>omnem</span> <span class='ocrx_word' id='word_1_224' title='bbox 451 2216 599 2254; x_wconf 90' lang='lat' dir='ltr'>Italiam</span> <span class='ocrx_word' id='word_1_225' title='bbox 619 2222 725 2252; x_wconf 90' lang='lat' dir='ltr'>metu</span> <span class='ocrx_word' id='word_1_226' title='bbox 752 2215 928 2260; x_wconf 88' lang='lat' dir='ltr'>liberare,</span> <span class='ocrx_word' id='word_1_227' title='bbox 959 2215 1117 2265; x_wconf 87' lang='lat' dir='ltr'>possint.</span> <span class='ocrx_word' id='word_1_228' title='bbox 1174 2215 1253 2252; x_wconf 87' lang='lat' dir='ltr'>Sibi</span> <span class='ocrx_word' id='word_1_229' title='bbox 1272 2228 1423 2266; x_wconf 85' lang='lat' dir='ltr'>semper</span> 
     </span>
     <span class='ocr_line' id='line_1_33' title="bbox 279 2275 1421 2328; baseline -0.002 -13"><span class='ocrx_word' id='word_1_230' title='bbox 279 2277 512 2328; x_wconf 86' lang='lat' dir='ltr'>reipublicae</span> <span class='ocrx_word' id='word_1_231' title='bbox 542 2277 699 2327; x_wconf 86' lang='lat' dir='ltr'>primam</span> <span class='ocrx_word' id='word_1_232' title='bbox 720 2276 835 2313; x_wconf 88' lang='lat' dir='ltr'>fuisse</span> <span class='ocrx_word' id='word_1_233' title='bbox 856 2276 1097 2326; x_wconf 87' lang='lat' dir='ltr'>dignitatem,</span> <span class='ocrx_word' id='word_1_234' title='bbox 1125 2275 1277 2326; x_wconf 85' lang='lat' dir='ltr'>vitaque</span> <span class='ocrx_word' id='word_1_235' title='bbox 1295 2276 1421 2326; x_wconf 91' lang='lat' dir='ltr'>potio-</span> 
     </span>
     <span class='ocr_line' id='line_1_34' title="bbox 279 2337 1421 2390; baseline -0.003 -13"><span class='ocrx_word' id='word_1_236' title='bbox 279 2351 376 2377; x_wconf 82' lang='lat' dir='ltr'>rem:</span> <span class='ocrx_word' id='word_1_237' title='bbox 397 2338 562 2378; x_wconf 82' lang='lat' dir='ltr'>doluisse</span> <span class='ocrx_word' id='word_1_238' title='bbox 582 2351 636 2385; x_wconf 89' lang='lat' dir='ltr'>se,</span> <span class='ocrx_word' id='word_1_239' title='bbox 657 2337 759 2390; x_wconf 87' lang='lat' dir='ltr'>quod</span> <span class='ocrx_word' id='word_1_240' title='bbox 773 2337 905 2389; x_wconf 92' lang='lat' dir='ltr'>populi</span> <span class='ocrx_word' id='word_1_241' title='bbox 921 2337 1085 2376; x_wconf 87' lang='lat' dir='ltr'>Romani</span> <span class='ocrx_word' id='word_1_242' title='bbox 1100 2337 1330 2377; x_wconf 86' lang='lat' dir='ltr'>beneficium</span> <span class='ocrx_word' id='word_1_243' title='bbox 1350 2337 1421 2375; x_wconf 84' lang='lat' dir='ltr'>sibi</span> 
     </span>
    </p>
   </div>
   <div class='ocr_carea' id='block_1_3' title="bbox 1528 133 1556 2683">
    <p class='ocr_par' dir='ltr' id='par_1_5' title="bbox 1528 133 1556 2683">
     <span class='ocr_line' id='line_1_35' title="bbox 1528 133 1556 2683; baseline 0 0"><span class='ocrx_word' id='word_1_244' title='bbox 1528 133 1556 2683; x_wconf 95' lang='lat' dir='ltr'> </span> 
     </span>
    </p>
   </div>
  </div>
 </body>
</html>
