1556 2683
271 290 321 326 24
561 286 636 324 DE
676 285 854 324 BELLO
895 285 1137 324 GALLICO

265 390 342 428 rios
370 403 453 428 esse
472 389 605 428 factos.
660 390 844 439 Magnam
879 390 1082 427 Caesarem
1101 388 1276 437 injuriam
1295 389 1400 426 face-

266 465 321 498 re,
349 452 414 502 qui
431 464 500 489 suo
519 451 686 488 adventu
706 451 910 499 vectigalia
941 450 1012 487 sibi
1032 450 1224 487 deteriora
1241 449 1400 488 faceret.

267 513 417 551 Aeduis
435 525 476 550 se
496 512 647 550 obsides
679 511 916 549 redditurum
947 524 1026 548 non
1057 524 1165 554 esse3
1201 524 1326 562 neque
1347 511 1405 556 iis,

263 586 389 625 neque
408 572 684 617 eorumsociis,
704 572 842 621 injuria
861 572 1003 609 bellum
1022 572 1230 617 illaturum,
1251 573 1281 609 si
1301 572 1337 609 in
1358 585 1404 609 eo

263 642 477 680 manerent,
505 634 609 684 quod
627 633 881 679 convenisset,
912 633 1222 683 stipendiumque
1243 640 1404 682 quotan-

263 696 322 733 nis
336 696 568 747 penderent:
588 694 619 731 si
639 694 676 731 id
692 707 769 731 non
783 694 979 740 fecissent,
998 694 1113 744 longe
1133 694 1177 731 iis
1195 693 1406 731 fraternum

261 769 403 794 nomen
433 756 565 807 populi
587 755 751 793 Romani
771 754 978 792 afuturum.
1033 755 1148 796 Quod
1168 755 1239 791 sibi
1259 755 1402 792 Caesar

261 816 527 861 denunciaret,
546 828 588 853 se
605 816 829 853 Aeduorum
849 816 1005 865 injurias
1020 829 1096 852 non
1116 815 1405 865 neglecturum;

261 877 455 915 neminem
468 890 599 914 secum
615 876 697 914 sine
712 889 780 914 sua
793 877 962 927 pernicie
983 876 1241 913 contendisse.
1278 877 1406 917 Quum

261 939 392 983 vellet,
429 938 756 988 congrederetur;
803 938 1103 984 intellecturum,
1141 939 1232 989 quid
1275 938 1420 976 invicti*

262 998 461 1044 Germani,
498 998 808 1036 exercitatissimi
841 998 878 1034 in
898 998 1025 1043 armis,
1063 998 1127 1048 qui
1160 998 1259 1034 inter
1286 1008 1407 1033 annos

262 1071 338 1096 xxv
356 1066 503 1097 tectum
523 1072 598 1095 non
619 1060 824 1104 subissent,
845 1059 987 1096 virtute
1007 1069 1176 1109 possent,

310 1120 516 1157 XXXVII.
572 1120 683 1157 Haec
703 1120 838 1158 eodem
855 1126 1027 1169 tempore
1044 1118 1198 1156 Caesari
1218 1117 1402 1156 mandata

260 1181 543 1227 referebantur,
572 1189 612 1219 et
630 1181 746 1231 legati
778 1182 826 1217 ab
858 1181 1004 1218 Aeduis
1036 1187 1075 1217 et
1094 1192 1116 1216 a
1146 1179 1312 1216 Treviris
1340 1192 1405 1216 ve·

259 1243 443 1280 niebant:
472 1243 601 1280 Aedui
622 1250 812 1293 questum,
841 1242 945 1292 quod
964 1241 1158 1286 Harudes,
1193 1240 1257 1290 qui
1277 1254 1400 1292 nuper

258 1304 298 1340 in
314 1303 481 1341 Galliam
494 1304 742 1354 transportati
756 1311 896 1347 essent,
912 1303 1007 1340 fines
1026 1315 1159 1339 eorum
1174 1301 1405 1352 popularen-

258 1373 347 1409 tur;
377 1377 461 1403 sese
480 1378 528 1402 ne
549 1365 744 1402 obsidibus
765 1364 920 1415 quidem
939 1363 1037 1401 datis
1056 1375 1192 1414 pacem
1213 1362 1399 1399 Ariovisti

259 1425 450 1463 redimere
483 1426 679 1476 potuisse:
732 1425 881 1462 Treviri
917 1431 1058 1470 autem,
1096 1436 1216 1474 pagos
1245 1430 1400 1460 centum

262 1487 475 1525 Suevorum
495 1488 545 1524 ad
574 1488 674 1537 ripas
706 1486 834 1523 Rheni
859 1486 1090 1531 consedisse,
1123 1485 1188 1536 qui
1219 1484 1400 1522 Rhenum

259 1549 422 1586 transire
453 1556 710 1591 conarentur3
746 1547 790 1585 iis
820 1559 996 1598 praeesse
1026 1546 1198 1584 Nasuam
1231 1553 1270 1583 et
1302 1546 1405 1583 Cim-

260 1610 425 1656 betium,
456 1609 606 1647 fratres.
661 1609 810 1652 Quibus
830 1609 958 1654 rebus,
978 1609 1133 1654 Caesar,
1152 1608 1402 1645 vehementer

265 1678 494 1717 commotus,
523 1671 790 1709 maturandum
810 1671 881 1707 sibi
900 1670 1147 1716 existimavit,
1165 1683 1227 1716 ne,
1258 1670 1289 1706 si
1308 1682 1408 1707 nova

261 1745 396 1770 manus
417 1733 629 1770 Suevorum
648 1745 735 1769 cum
755 1732 946 1770 veteribus
966 1731 1085 1782 copiis
1114 1731 1302 1768 Ariovisti
1321 1742 1405 1769 sese

262 1794 541 1843 conjunxisset,
571 1794 695 1830 minus
714 1793 826 1830 facile
845 1793 969 1830 resisti
989 1800 1130 1844 posset.
1184 1793 1336 1843 Itaque,
1362 1805 1406 1830 re

260 1853 524 1900 frumentaria,
544 1868 657 1905 quam
675 1855 872 1892 celerrime
885 1855 1024 1905 potuit,
1042 1860 1275 1905 comparata,
1295 1865 1401 1904 mag-⁴

263 1916 323 1952 nis
354 1915 554 1953 itineribus
573 1916 622 1953 ad
654 1916 891 1953 Ariovistum
911 1916 1122 1953 contendit.

306 1976 534 2013 XXXVIII.
589 1978 716 2018 Quum
732 1976 846 2013 tridui
860 1976 957 2013 viam
973 1976 1236 2027 processisset,
1248 1974 1408 2013 nuncia-

262 2045 344 2074 tum
364 2045 422 2075 est
440 2038 489 2082 ei,
522 2037 759 2074 Ariovistum
782 2050 870 2074 cum
898 2037 975 2075 suis
1008 2037 1184 2074 omnibus
1217 2036 1339 2087 copiis
1356 2035 1407 2074 ad

266 2100 535 2150 occupandum
562 2098 850 2143 Vesontionem,
881 2099 983 2148 quod
1002 2106 1060 2136 est
1078 2098 1260 2149 oppidum
1281 2098 1405 2135 maxi-

265 2173 370 2196 mum
393 2160 671 2210 Sequanorum,
692 2159 941 2204 contendere,
961 2159 1154 2209 triduique
1169 2158 1267 2196 viam
1286 2171 1309 2196 a
1327 2158 1408 2196 suis

262 2220 403 2257 finibus
422 2221 665 2271 processisse.
719 2219 764 2256 Id
784 2232 831 2256 ne
851 2219 1060 2265 accideret,
1080 2232 1313 2270 magnopere
1332 2217 1405 2256 sibi

264 2282 571 2330 praecavendum
585 2282 725 2319 Caesar
740 2280 995 2318 existimabat.
1040 2280 1218 2331 Namque
1234 2280 1404 2318 omnium

265 2354 408 2388 rerum,
428 2356 525 2393 quae
545 2343 593 2380 ad
611 2342 757 2380 bellum
776 2342 860 2380 usui
879 2348 1004 2388 erant,
1031 2354 1175 2379 summa
1196 2349 1279 2379 erat
1297 2341 1336 2378 in
1355 2353 1403 2380 eo
