1556 2683
229 295 276 331 12
532 291 606 328 DE
645 289 824 327 BELLO
865 287 1108 326 GALLICO

227 394 367 432 audeat
385 406 510 433 nemo-
578 394 652 431 His
684 394 796 430 rebus
828 399 868 430 et
899 405 1008 429 suam
1036 403 1115 428 rem
1148 389 1377 427 familiarem

226 456 392 501 auxisse,
420 463 459 492 et
486 455 688 493 facultates
716 454 765 491 ad
784 453 1023 503 largiendum
1042 463 1200 501 magnas
1221 463 1375 500 compa-

226 518 329 555 rasse
345 533 354 561 ;
377 529 557 566 magnum
573 528 773 552 numerum
788 514 980 564 equitatus
995 526 1063 550 suo
1078 519 1207 549 sumtu
1221 523 1373 560 semper

227 579 329 615 alere
348 586 388 615 et
407 578 552 615 circum
572 590 612 614 se
633 576 795 614 habere:
816 587 941 625 neque
961 574 1082 617 solum
1103 573 1219 617 domi,
1248 571 1315 609 sed
1335 584 1375 608 e-

227 640 319 677 tiam
339 639 441 690 apud
474 638 654 675 finitimas
687 636 874 681 civitates,
904 636 1060 685 largiter
1089 647 1224 685 posse;
1262 641 1379 683 atque

226 701 342 750 hujus
362 700 557 750 potentiae
577 711 710 735 caussa
730 705 889 735 matrem
911 697 946 733 in
965 695 1214 745 Biturigibus,
1231 693 1375 731 homini

228 762 307 800 illic
335 761 584 805 nobilissimo,
612 772 656 796 ac
686 758 965 809 potentissimo,
993 756 1223 794 collocasse:
1253 755 1377 804 ipsum

230 836 280 860 ex
298 822 488 860 Helvetiis
501 834 659 858 uxorem
676 821 833 857 habere:
854 832 1023 856 sororem
1039 830 1087 854 ex
1104 824 1225 854 matre
1243 822 1283 852 et
1295 827 1382 864 pro-

230 884 393 934 pinquas
412 894 499 920 suas
518 888 678 932 nuptum
700 881 737 916 in
758 880 848 917 alias
861 880 1033 916 civitates
1048 877 1270 916 collocasse.
1312 875 1383 912 Fa-

230 956 320 980 vere
340 951 379 980 et
398 954 539 993 cupere
561 941 752 979 Helvetiis
784 948 942 991 propter
963 952 1045 977 eam
1066 938 1286 975 affinitatem
1303 950 1312 972 :
1342 949 1383 973 o-

232 1004 333 1041 disse
353 1003 468 1041 etiam
489 1015 557 1040 suo
573 1003 727 1039 nomine
745 1002 964 1046 Caesarem,
985 1008 1024 1037 et
1041 1000 1233 1037 Romanos
1250 1013 1258 1041 3
1279 997 1383 1048 quod

233 1078 365 1103 eorum
386 1066 553 1102 adventu
573 1064 745 1114 potentia
764 1066 846 1113 ejus
866 1062 1076 1106 deminuta,
1106 1068 1144 1097 et
1164 1059 1383 1097 Divitiacus

232 1127 352 1164 frater
371 1126 410 1163 in
442 1126 639 1176 antiquum
664 1125 792 1162 locum
823 1124 969 1174 gratiae
1003 1130 1117 1173 atque
1148 1121 1304 1159 honoris
1337 1121 1387 1157 sit

234 1187 446 1226 restitutus.
480 1187 519 1224 Si
540 1186 632 1237 quid
646 1185 797 1223 accidat
813 1183 1010 1228 Romanis,
1023 1195 1209 1220 summam
1226 1186 1262 1218 in
1277 1193 1385 1232 spem

234 1261 305 1299 per
324 1248 527 1285 Helvetios
547 1247 654 1296 regni
676 1246 874 1283 obtinendi
893 1246 1046 1282 venire:
1073 1243 1233 1294 imperio
1252 1241 1384 1292 populi

236 1310 416 1355 Romani,
447 1322 523 1347 non
543 1308 657 1346 modo
678 1308 725 1344 de
745 1320 879 1357 regno,
908 1306 975 1343 sed
992 1305 1105 1342 etiam
1127 1304 1174 1340 de
1195 1316 1254 1348 ea,
1274 1315 1388 1353 quam

235 1370 392 1415 habeat,
413 1370 536 1420 gratia
556 1370 773 1419 desperare.
829 1368 1064 1418 Reperiebat
1083 1366 1198 1403 etiam
1219 1364 1256 1401 in
1274 1376 1391 1414 quae-

237 1432 358 1469 rendo
378 1432 534 1475 Caesar,
555 1430 657 1480 quod
672 1429 860 1479 proelium
877 1434 1055 1479 equestre
1070 1427 1271 1463 adversum
1292 1437 1386 1475 pau-

240 1492 296 1529 cis
315 1500 403 1529 ante
425 1492 558 1529 diebus
578 1498 679 1528 esset
697 1490 857 1535 factum,
885 1490 1032 1527 initium
1053 1490 1136 1538 ejus
1167 1488 1281 1537 fugae
1311 1487 1391 1524 fac-

242 1559 325 1590 tum
344 1566 367 1590 a
386 1552 642 1601 Dumnorige,
671 1558 787 1602 atque
807 1554 890 1601 ejus
908 1551 1125 1601 equitibus;
1158 1550 1265 1602 (nam
1286 1549 1393 1599 equi-

240 1620 338 1658 tatu,
367 1626 481 1663 quem
510 1613 653 1650 auxilio
687 1613 844 1650 Caesari
874 1612 1002 1649 Aedui
1034 1611 1231 1658 miserant,
1268 1611 1394 1647 Dum*

239 1675 352 1713 norix
373 1674 570 1725 praeerat)
596 1686 727 1710 eorum
746 1672 839 1722 suga
859 1673 1047 1723 reliquum
1066 1685 1149 1709 esse
1178 1671 1393 1723 equitatum

240 1743 502 1787 perterritum.

293 1797 403 1834 XIX.
458 1796 607 1838 Quibus
626 1796 740 1833 rebus
760 1796 939 1845 cognitis,
966 1809 1083 1846 quum
1103 1796 1152 1833 ad
1170 1795 1238 1833 has
1271 1795 1394 1846 suspi-

242 1858 375 1896 ciones
396 1858 630 1895 certissimae
651 1869 711 1894 res
729 1857 961 1894 accederent
976 1871 985 1894 :
1015 1858 1118 1908 quod
1134 1870 1200 1907 per
1213 1857 1310 1893 fines
1327 1858 1394 1894 Se-

242 1931 457 1969 quanorum
479 1918 680 1956 Helvetios
699 1918 1003 1961 transduxisset;
1042 1918 1146 1968 quod
1167 1917 1318 1955 obsides
1338 1917 1397 1954 in-

246 1988 308 2018 ter
327 1993 392 2018 eos
413 1980 560 2017 dandos
581 1981 753 2017 cur-<isset
769 1996 776 2023 ;
797 1980 899 2029 quod
915 1992 961 2016 ea
975 1981 1101 2017 omnia
1116 1992 1191 2016 non
1208 1978 1322 2016 modo
1342 1978 1399 2015 in-

241 2047 351 2096 jussu
370 2057 439 2082 suo
458 2052 498 2082 et
517 2044 695 2089 civitatis,
715 2044 783 2081 sed
802 2044 917 2080 etiam
938 2043 1188 2081 inscientibus
1208 2043 1312 2093 ipsis,
1342 2042 1398 2079 fe-

247 2107 388 2146 cisset;
416 2105 518 2156 quod
550 2118 577 2142 a
604 2104 829 2154 magistratu
865 2105 1090 2142 Aeduorum
1123 2110 1397 2141 accusaretur:

246 2167 340 2205 satis
360 2180 442 2204 esse
463 2179 619 2204 caussae
638 2166 911 2210 arbitrabatur,
932 2178 1048 2216 quare
1069 2166 1105 2201 in
1126 2178 1214 2202 eum
1234 2171 1299 2201 aut
1320 2164 1401 2214 ipse

247 2228 584 2272 animadverteret,
611 2234 678 2264 aut
697 2226 891 2264 civitatem
910 2226 1214 2264 animadvertere
1235 2225 1403 2274 juberet.

248 2288 325 2327 His
345 2288 521 2325 omnibus
541 2289 654 2325 rebus
674 2301 791 2324 unum
814 2288 1066 2338 repugnabat,
1087 2287 1191 2337 quod
1220 2285 1403 2322 Divitiaci

248 2348 376 2387 fratris
396 2361 587 2387 summum
606 2348 643 2385 in
663 2348 848 2399 populum
864 2349 1081 2386 Romanum
1100 2347 1283 2393 studium,
1302 2359 1404 2384 sum-
