1556 2683
284 229 370 265 200·
566 226 640 263 DE
681 226 873 264 BELLOu
902 227 1146 265 G-A-LLICO

284 341 369 367 rum
385 330 556 381 equitum
573 330 736 381 impetus
750 330 995 368 sustinerent.
1050 332 1113 367 Ab
1133 331 1190 367 his
1210 332 1424 382 compl-ures

284 391 332 427 de
364 391 569 442 improviso
601 392 786 428 vulnerati
817 391 962 441 proelio
989 391 1243 429 excedebant.
1297 394 1436 435 Quum„

284 464 372 488 suos
391 465 520 502 pugna
539 452 753 502 superiores
772 465 854 488 esse
876 451 975 488 Galli
993 452 1245 498 confiderent,
1272 461 1311 490 et
1340 467 1426 491 nos-

284 520 368 549 tros
383 513 628 550 multitudine
643 513 763 564 premi
782 513 974 556 viderent3
993 526 1042 550 ex
1063 513 1239 550 omnibus
1257 514 1428 564 partibus

283 580 323 609 et
343 573 381 618 ii,
413 574 477 624 qui
506 574 782 611 munitionibus
815 574 1123 619 continebantur,
1155 582 1194 611 et
1214 575 1252 620 ii,
1287 575 1351 625 qui
1379 576 1434 613 ad

283 634 468 672 auxilium
490 642 764 681 convenerant,
794 636 963 672 clamore
980 643 1019 672 et
1038 635 1187 672 ululatu
1205 649 1361 672 suorum
1389 649 1428 673 a-

280 695 403 732 nimos
423 696 712 733 confirmabant.
767 697 880 738 Quod
899 696 936 732 in
954 697 1346 746 conspectu-omnium
1367 710 1427 734 res

280 758 500 806 gerebatur,
533 771 658 808 neque
691 765 796 795 recte
815 770 861 795 ac
880 758 1042 807 turpiter
1060 757 1204 795 factum
1224 759 1338 795 celari
1359 773 1427 809 po-

280 825 380 855 terat
397 834 405 862 ;
442 828 625 869 utrosque
655 827 694 856 et
713 819 834 856 laudis
855 819 1044 869 cupiditas
1064 826 1102 855 et
1122 819 1235 856 timor
1265 819 1430 869 ignomi-

282 880 367 917 niae
387 881 434 917 ad
453 880 632 918 virtutem
653 881 889 918 excitabant.
939 882 1067 922 Quum
1087 894 1109 917 a
1128 881 1287 918 meridie
1307 894 1428 931 prope

279 940 327 977 ad
351 941 439 978 solis
459 954 638 979 occasum
660 943 775 980 dubia
793 942 954 979 victoria
971 949 1221 991 pugnaretur,
1242 941 1433 979 Germani

280 1015 356 1039 una
372 1003 407 1039 in
429 1011 536 1053 parte
557 1003 739 1040 confertis
759 1003 892 1040 turmis
912 1003 947 1039 in
971 1004 1099 1039 hostes
1119 1002 1302 1052 impeturn
1322 1003 1427 1041 feee-

278 1071 381 1109 runt,
402 1077 544 1114 eosque
577 1065 841 1115 propulerunt.
898 1064 1046 1106 Quibus
1065 1063 1102 1100 in
1122 1063 1252 1114 fugam
1273 1066 1428 1114 conjec-

277 1124 340 1171 tis,
374 1125 560 1175 sagittarii
593 1127 845 1163 circumventi
875 1125 1145 1175 interfectique
1171 1133 1274 1162 sunt.
1326 1125 1427 1162 ltem

276 1199 328 1223 ex
348 1186 503 1236 reliquis
536 1187 707 1237 partibus
728 1187 860 1232 nostri,
891 1187 1074 1225 cedentes
1093 1199 1214 1237 usque
1233 1185 1284 1223 ad
1301 1193 1430 1224 castra

276 1248 455 1294 insecuti,
485 1248 542 1285 sui
563 1249 770 1298 colligendi
789 1248 1012 1286 facultatem
1032 1261 1108 1286 non
1128 1248 1332 1285 dederunt.
1370 1248 1427 1285 At

277 1310 316 1354 ii,
338 1310 401 1360 qui
421 1311 469 1347 ab
497 1310 623 1347 Alesia
642 1319 923 1360 processerant,
943 1309 1093 1355 moesti,
1125 1322 1246 1360 prope
1265 1309 1431 1350 victoria

277 1370 493 1420 desperata,
515 1383 555 1407 se
575 1370 613 1406 in
633 1371 815 1421 oppidum
835 1378 1077 1421 receperunt.

326 1430 511 1468 LXXXI.
566 1431 655 1469 Uno
688 1431 751 1469 die
781 1431 1011 1477 intermisso,
1044 1430 1161 1475 Galli,
1192 1437 1322 1482 atque,
1352 1430 1429 1475 hoe

277 1492 415 1542 spatio,
435 1504 576 1542 magno
593 1492 769 1537 cratium,
783 1492 983 1538 scalarum,
999 1492 1277 1542 harpagonum,
1293 1505 1428 1529 nume—

275 1564 319 1589 ro
340 1552 494 1598 effecto,
525 1553 650 1590 media
670 1561 785 1591 noete
804 1553 954 1590 silentio
974 1565 1024 1590 ex
1044 1553 1178 1590 castris
1197 1553 1356 1603 egressi,
1375 1553 1427 1590 ad·

277 1621 510 1663 campestres
547 1614 779 1651 munitiones
813 1614 1016 1651 accedunt.
1089 1613 1226 1651 Subito
1256 1614 1424 1652 clamore

276 1675 442 1722 sublato,
463 1688 538 1726 qua
557 1675 854 1725 significatione,
882 1675 946 1726 qui
966 1675 1004 1711 in
1024 1675 1166 1726 oppido
1196 1675 1427 1717 obsideban-

276 1743 352 1781 tur,
390 1737 438 1773 de
458 1750 525 1774 suo
545 1737 713 1774 adventu
735 1749 971 1786 cognoscere
990 1743 1160 1786 possent,
1193 1743 1319 1773 crates
1337 1749 1427 1786 pro-

271 1797 408 1848 jicere,
429 1798 570 1844 fundis,
591 1798 753 1849 sagittis,
779 1798 982 1848 lap-idibus,
1002 1805 1153 1834 nostros
1172 1798 1222 1834 de
1240 1798 1339 1835 vallo
1357 1798 1425 1835 de-

276 1859 446 1905 turbare,
475 1860 716 1910 reliquaque,
749 1872 848 1910 quae
882 1859 929 1895 ad
964 1859 1290 1910 oppugnationem
1309 1859 1428 1910 perti-

274 1927 382 1965 nent,
415 1920 692 1958 administrare.
762 1919 910 1956 Eodem
941 1927 1130 1970 tempore,
1161 1920 1327 1958 elamore
1357 1933 1428 1958 ex·-

275 1981 422 2027 audito,
443 1981 508 2019 dat
527 1981 620 2018 tuba
639 1981 790 2031 signum
808 1981 887 2018 suis
908 1981 1221 2030 Vercingetorix,
1240 1987 1357 2031 atque
1376 1993 1426 2018 ex

276 2042 419 2093 oppido
439 2043 581 2081 educit.
651 2042 795 2088 Nostri,
829 2050 871 2080 ut
904 2042 1163 2093 superioribus
1183 2042 1316 2080 diebus
1335 2055 1426 2079 suus

276 2104 416 2153 cuique
435 2103 543 2140 locus
563 2111 644 2140 erat
664 2104 737 2140 defi
746 2105 859 2149 nitus,
892 2103 940 2140 ad
959 2103 1191 2141 munitiones
1210 2104 1428 2147 accedunt;

276 2164 417 2209 fundis,
436 2163 637 2211 librilibus,
653 2165 901 2214 sudibusque,
922 2177 1016 2216 quas
1037 2164 1074 2201 in
1091 2177 1206 2215 opere
1226 2165 1426 2215 disposue-

274 2231 374 2270 rant,
393 2237 439 2262 ae
453 2225 674 2275 giandibuS,
693 2226 829 2263 Gallos
849 2232 1079 2276 perterrent.
1133 2225 1348 2276 Prospectu
1368 2232 1425 2263 te-

275 2285 403 2323 nebris
422 2286 590 2334 udemto,
623 2287 743 2326 multa
777 2286 956 2339 utrinque
981 2286 1139 2325 vulnera
1170 2287 1426 2339 accipiuntur,
