1556 2683
531 214 698 253 LIBER
752 215 799 251 V.
1211 218 1260 253 99

104 319 252 358 mestici
271 317 377 364 belli,
396 325 439 356 ut
453 318 670 363 videbatur,
691 330 838 363 caussa,
854 319 933 368 jam
948 323 1038 355 ante
1051 328 1258 368 praepara-

107 389 268 418 verant:
302 392 386 417 nam
404 378 550 416 crebris
567 379 767 416 arboribus
790 378 951 416 succisis
973 391 1106 415 omnes
1129 377 1260 414 introi·

107 449 170 479 tus
216 449 302 479 rant
320 440 524 491 praeclusi.
579 439 657 490 Ipsi
677 453 726 478 ex
745 439 849 477 silvis
862 439 936 476 rari
949 439 1261 489 propugnabant,

102 509 333 552 nostrosque
362 501 463 538 intra
489 501 722 539 munitiones
741 500 892 552 ingredi
910 500 1192 551 prohibebant:
1222 507 1260 536 at

102 562 245 600 milites
264 562 430 613 legionis
444 574 523 608 vu,
543 562 738 600 testudine
752 561 868 607 facta,
889 568 928 598 et
947 573 1090 611 aggere
1110 560 1158 596 ad
1177 572 1260 596 rnu-

100 623 268 661 nitiones
287 623 456 673 adjecto,
471 623 600 660 locum
617 629 820 673 ceperunt,
836 635 979 673 eosque
999 635 1049 659 ex
1069 621 1172 658 silvis
1193 633 1261 657 ex-

100 685 298 736 pulerunt,
326 684 460 735 paucis
479 684 701 722 vulneribus
721 684 906 734 acceptis.
937 683 1004 721 sed
1025 696 1090 721 eos
1108 682 1259 732 fugien-

103 753 162 784 tes
181 746 334 796 longius
355 745 497 783 Caesar
515 744 696 795 prosequi
717 745 853 790 vetuit,
874 752 914 782 et
933 744 1036 795 quod
1055 743 1131 782 loci
1151 750 1261 780 natu-

101 818 183 844 ram
203 806 420 856 ignorabat,
451 814 490 843 et
509 805 627 856 quod,
659 817 799 855 magna
817 812 926 856 parte
947 804 1023 841 diei
1043 810 1260 849 consumta,

99 866 307 904 munitioni
327 876 542 904 castrorum
562 873 715 916 tempus
735 863 901 914 relinqui
923 878 955 900 vr.
972 863 1089 900 lebat.

152 927 204 965 X.
258 927 452 965 Postridie
472 929 555 977 ejus
576 926 666 972 aiei,
699 938 826 971 mane,
847 924 1041 974 tripartito
1062 924 1203 960 milites
1222 936 1261 960 e-

99 988 304 1039 quitesque
324 988 363 1025 in
383 987 674 1039 expeditionem
689 986 806 1031 misit,
826 993 867 1024 ut
883 998 964 1029 eos,
986 985 1050 1035 qui
1065 984 1261 1035 fugerant,

99 1056 441 1100 persequerentur.
495 1048 570 1086 His
601 1047 839 1098 aliquantum
860 1045 1008 1082 itineris
1034 1045 1260 1095 progressis,

100 1123 220 1161 quum
246 1111 327 1159 jam
347 1108 513 1147 extremi
532 1116 660 1146 essent
686 1107 723 1144 in
744 1113 968 1157 prospectu,
1001 1105 1152 1155 equites
1172 1117 1194 1142 a
1214 1106 1261 1147 Q.

101 1171 216 1208 Atrio
236 1170 285 1208 ad
305 1171 513 1209 Caesarem
539 1176 744 1214 venerunt,
775 1168 839 1219 qui
871 1166 1116 1212 nunciarent,
1149 1179 1261 1216 supe-

101 1232 202 1270 riore
222 1239 353 1278 nocte,
372 1231 541 1270 maxima
559 1231 694 1268 coo'rta
713 1235 960 1279 tempestate,
986 1240 1106 1278 prope
1128 1240 1261 1265 omnes

97 1306 215 1332 nave>
236 1293 408 1339 afflictas,
428 1300 546 1343 atque
567 1292 604 1328 in
624 1291 755 1328 littore
775 1292 921 1340 ejectas
941 1302 1049 1332 esse3
1070 1289 1175 1340 quod
1195 1302 1260 1326 ne-

99 1367 174 1406 que
203 1355 396 1393 anchorae
429 1354 619 1404 funesque
656 1352 923 1397 subsisterent,
961 1364 1088 1401 neque
1121 1359 1262 1390 nautae

100 1417 461 1468 gubernatoresque
480 1415 556 1452 vim
578 1414 657 1465 pati
674 1412 914 1464 tempestatis
930 1420 1110 1463 possent:
1130 1413 1261 1464 itaque

100 1490 151 1515 ex
166 1491 213 1516 eo
242 1483 433 1516 concursu
453 1476 606 1514 navium
638 1487 821 1526 magnum
854 1486 938 1511 esse
971 1474 1259 1512 incommodum

104 1546 324 1590 acceptum.

152 1601 222 1639 XI.
279 1600 354 1638 His
387 1601 502 1638 rebus
522 1598 703 1649 cognitis,
735 1598 878 1635 Caesar
906 1597 1081 1647 legiones
1112 1598 1259 1648 equita-

99 1672 261 1713 tumque
280 1660 468 1706 revocari‚
497 1667 615 1710 atque
634 1659 772 1696 itinere
792 1656 993 1702 desistere,
1009 1658 1121 1706 jubet
1139 1672 1147 1694 :
1178 1658 1260 1708 ipse

100 1725 150 1762 ad
170 1736 285 1762 naves
304 1722 532 1760 revertitur:
556 1720 691 1758 eadem
711 1719 808 1765 fere,
829 1731 927 1769 quae
940 1732 989 1756 ex
1010 1719 1161 1756 nunciis
1175 1720 1261 1757 lite-

100 1786 230 1836 risque
250 1791 503 1835 cognoverat,
519 1795 648 1821 coram
661 1780 859 1832 perspicit,
875 1780 930 1818 sic
952 1788 1006 1826 ut,
1020 1781 1167 1818 amissis
1187 1782 1260 1819 cir-

100 1847 199 1885 citer
217 1858 270 1883 xL
292 1845 466 1891 navibus,
499 1844 671 1894 reliquae
691 1851 821 1880 tamen
851 1841 958 1879 refici
979 1854 1090 1892 posse
1121 1856 1260 1893 magno

100 1908 259 1958 negotio
278 1907 515 1944 viderentur.
570 1905 706 1954 ltaque
741 1917 790 1940 ex
809 1903 1026 1953 legionibus
1045 1903 1174 1942 fabros
1194 1905 1259 1942 de-

100 1969 212 2020 legit,
244 1976 283 2006 et
303 1981 353 2005 ex
373 1966 589 2005 continenti
607 1965 702 2003 alios
721 1964 895 2002 arcessiri
912 1965 1024 2013 jubet
1041 1981 1050 2007 ;
1083 1965 1258 2003 Labieno

100 2030 249 2076 scribit,
269 2037 326 2075 ut,
347 2028 646 2080 quamplurimas
671 2034 817 2078 posset,
845 2026 891 2063 iis
903 2026 1133 2076 legionibus,
1161 2039 1259 2077 quae

102 2101 191 2130 sunt
217 2092 320 2142 apud
345 2104 449 2135 eum,
483 2103 600 2127 naves
619 2089 808 2126 instituat.
861 2087 966 2137 Ipse,
990 2088 1063 2125 etsi
1092 2101 1152 2125 res
1179 2095 1261 2126 erat

102 2153 248 2190 multae
268 2164 408 2203 operae
428 2163 474 2188 ac
493 2150 648 2195 laboris,
676 2157 805 2186 tamen
825 2149 1179 2186 commodissimum
1200 2162 1260 2187 es-

101 2227 143 2252 se
162 2215 310 2259 statuit,
341 2225 474 2250 omnes
495 2224 610 2250 naves
631 2210 808 2256 subduci,
840 2217 880 2247 et
900 2223 988 2248 cum
1027 2211 1162 2254 castris
1184 2223 1259 2248 una

102 2275 315 2314 munitione
331 2274 528 2326 conjungi.
574 2273 621 2311 In
640 2273 699 2311 his
713 2273 828 2311 rebus
844 2271 1000 2310 circiter
1018 2271 1100 2310 dies
1120 2284 1146 2309 x
1165 2284 1258 2310 con-
