<?xml version="1.0" encoding="UTF-8"?>
<!DOCTYPE html PUBLIC "-//W3C//DTD XHTML 1.0 Transitional//EN"
    "http://www.w3.org/TR/xhtml1/DTD/xhtml1-transitional.dtd">
<html xmlns="http://www.w3.org/1999/xhtml" xml:lang="en" lang="en">
 <head>
  <title>
</title>
<meta http-equiv="Content-Type" content="text/html;charset=utf-8" />
  <meta name='ocr-system' content='tesseract 3.04.00' />
  <meta name='ocr-capabilities' content='ocr_page ocr_carea ocr_par ocr_line ocrx_word'/>
</head>
<body>
  <div class='ocr_page' id='page_1' title='image "./debellogallicoet01caesuoft_0122.png"; bbox 0 0 1556 2683; ppageno 0'>
   <div class='ocr_carea' id='block_1_1' title="bbox 317 315 1471 2316">
    <p class='ocr_par' dir='ltr' id='par_1_1' title="bbox 317 315 1470 1510">
     <span class='ocr_line' id='line_1_1' title="bbox 322 315 1467 372; baseline -0.005 -14"><span class='ocrx_word' id='word_1_1' title='bbox 322 334 396 372; x_wconf 91' lang='lat' dir='ltr'>que</span> <span class='ocrx_word' id='word_1_2' title='bbox 428 333 498 371; x_wconf 87' lang='lat' dir='ltr'>pro</span> <span class='ocrx_word' id='word_1_3' title='bbox 518 327 693 370; x_wconf 85' lang='lat' dir='ltr'>tempore</span> <span class='ocrx_word' id='word_1_4' title='bbox 724 328 763 357; x_wconf 92' lang='lat' dir='ltr'>et</span> <span class='ocrx_word' id='word_1_5' title='bbox 782 334 851 371; x_wconf 89' lang='lat' dir='ltr'>pro</span> <span class='ocrx_word' id='word_1_6' title='bbox 883 332 923 357; x_wconf 90' lang='lat' dir='ltr'>re</span> <span class='ocrx_word' id='word_1_7' title='bbox 943 325 1121 369; x_wconf 88' lang='lat' dir='ltr'>caperet;</span> <span class='ocrx_word' id='word_1_8' title='bbox 1159 318 1240 368; x_wconf 88' lang='lat' dir='ltr'>ipse</span> <span class='ocrx_word' id='word_1_9' title='bbox 1259 328 1347 354; x_wconf 89' lang='lat' dir='ltr'>cum</span> <span class='ocrx_word' id='word_1_10' title='bbox 1367 328 1394 353; x_wconf 87' lang='lat' dir='ltr'><strong>v</strong></span> <span class='ocrx_word' id='word_1_11' title='bbox 1412 315 1467 353; x_wconf 56' lang='lat' dir='ltr'>le*</span> 
     </span>
     <span class='ocr_line' id='line_1_2' title="bbox 319 378 1466 432; baseline -0.004 -13"><span class='ocrx_word' id='word_1_12' title='bbox 319 382 511 432; x_wconf 85' lang='lat' dir='ltr'>gionibus,</span> <span class='ocrx_word' id='word_1_13' title='bbox 531 389 570 419; x_wconf 88' lang='lat' dir='ltr'>et</span> <span class='ocrx_word' id='word_1_14' title='bbox 590 381 672 431; x_wconf 87' lang='lat' dir='ltr'>pari</span> <span class='ocrx_word' id='word_1_15' title='bbox 692 394 851 418; x_wconf 88' lang='lat' dir='ltr'>numero</span> <span class='ocrx_word' id='word_1_16' title='bbox 867 381 1053 432; x_wconf 86' lang='lat' dir='ltr'>equitum,</span> <span class='ocrx_word' id='word_1_17' title='bbox 1073 392 1187 430; x_wconf 86' lang='lat' dir='ltr'>quem</span> <span class='ocrx_word' id='word_1_18' title='bbox 1207 379 1245 415; x_wconf 93' lang='lat' dir='ltr'>in</span> <span class='ocrx_word' id='word_1_19' title='bbox 1265 378 1466 415; x_wconf 89' lang='lat' dir='ltr'>continen-</span> 
     </span>
     <span class='ocr_line' id='line_1_3' title="bbox 321 437 1465 492; baseline -0.004 -13"><span class='ocrx_word' id='word_1_20' title='bbox 321 443 350 479; x_wconf 88' lang='lat' dir='ltr'>ti</span> <span class='ocrx_word' id='word_1_21' title='bbox 375 443 629 492; x_wconf 85' lang='lat' dir='ltr'>relinquebat,</span> <span class='ocrx_word' id='word_1_22' title='bbox 649 442 739 479; x_wconf 89' lang='lat' dir='ltr'>solis</span> <span class='ocrx_word' id='word_1_23' title='bbox 758 455 899 479; x_wconf 88' lang='lat' dir='ltr'>occasu</span> <span class='ocrx_word' id='word_1_24' title='bbox 918 454 1034 479; x_wconf 89' lang='lat' dir='ltr'>naves</span> <span class='ocrx_word' id='word_1_25' title='bbox 1053 440 1190 477; x_wconf 87' lang='lat' dir='ltr'>solvit:</span> <span class='ocrx_word' id='word_1_26' title='bbox 1218 447 1272 484; x_wconf 90' lang='lat' dir='ltr'>et,</span> <span class='ocrx_word' id='word_1_27' title='bbox 1297 438 1373 476; x_wconf 90' lang='lat' dir='ltr'>leni</span> <span class='ocrx_word' id='word_1_28' title='bbox 1395 437 1465 474; x_wconf 81' lang='lat' dir='ltr'>Af-</span> 
     </span>
     <span class='ocr_line' id='line_1_4' title="bbox 319 497 1467 552; baseline -0.004 -13"><span class='ocrx_word' id='word_1_29' title='bbox 319 503 400 539; x_wconf 80' lang='lat' dir='ltr'>rico</span> <span class='ocrx_word' id='word_1_30' title='bbox 432 509 654 552; x_wconf 88' lang='lat' dir='ltr'>provectus,</span> <span class='ocrx_word' id='word_1_31' title='bbox 687 502 812 539; x_wconf 89' lang='lat' dir='ltr'>media</span> <span class='ocrx_word' id='word_1_32' title='bbox 832 501 987 538; x_wconf 84' lang='lat' dir='ltr'>circiter</span> <span class='ocrx_word' id='word_1_33' title='bbox 1005 508 1121 538; x_wconf 87' lang='lat' dir='ltr'>nocte</span> <span class='ocrx_word' id='word_1_34' title='bbox 1140 506 1256 536; x_wconf 91' lang='lat' dir='ltr'>vento</span> <span class='ocrx_word' id='word_1_35' title='bbox 1276 497 1467 535; x_wconf 88' lang='lat' dir='ltr'>intermis-</span> 
     </span>
     <span class='ocr_line' id='line_1_5' title="bbox 321 560 1468 610; baseline -0.003 -12"><span class='ocrx_word' id='word_1_36' title='bbox 321 574 376 607; x_wconf 89' lang='lat' dir='ltr'>so,</span> <span class='ocrx_word' id='word_1_37' title='bbox 394 575 547 600; x_wconf 89' lang='lat' dir='ltr'>cursum</span> <span class='ocrx_word' id='word_1_38' title='bbox 568 574 646 599; x_wconf 88' lang='lat' dir='ltr'>non</span> <span class='ocrx_word' id='word_1_39' title='bbox 667 561 813 601; x_wconf 83' lang='lat' dir='ltr'>tenuit:</span> <span class='ocrx_word' id='word_1_40' title='bbox 834 569 887 603; x_wconf 90' lang='lat' dir='ltr'>et,</span> <span class='ocrx_word' id='word_1_41' title='bbox 907 561 1058 610; x_wconf 82' lang='lat' dir='ltr'>longius</span> <span class='ocrx_word' id='word_1_42' title='bbox 1078 560 1225 597; x_wconf 83' lang='lat' dir='ltr'>delatus</span> <span class='ocrx_word' id='word_1_43' title='bbox 1240 566 1363 604; x_wconf 88' lang='lat' dir='ltr'>aestu,</span> <span class='ocrx_word' id='word_1_44' title='bbox 1383 564 1468 595; x_wconf 86' lang='lat' dir='ltr'>orta</span> 
     </span>
     <span class='ocr_line' id='line_1_6' title="bbox 319 619 1467 671; baseline -0.003 -12"><span class='ocrx_word' id='word_1_45' title='bbox 319 623 420 668; x_wconf 87' lang='lat' dir='ltr'>lucc,</span> <span class='ocrx_word' id='word_1_46' title='bbox 437 623 506 659; x_wconf 90' lang='lat' dir='ltr'>sub</span> <span class='ocrx_word' id='word_1_47' title='bbox 523 622 676 660; x_wconf 77' lang='lat' dir='ltr'>sinistra</span> <span class='ocrx_word' id='word_1_48' title='bbox 694 622 928 659; x_wconf 68' lang='lat' dir='ltr'>Britanniam</span> <span class='ocrx_word' id='word_1_49' title='bbox 942 622 1115 659; x_wconf 88' lang='lat' dir='ltr'>relictam</span> <span class='ocrx_word' id='word_1_50' title='bbox 1132 620 1346 671; x_wconf 83' lang='lat' dir='ltr'>conspexit.</span> <span class='ocrx_word' id='word_1_51' title='bbox 1366 619 1467 656; x_wconf 89' lang='lat' dir='ltr'>Tum</span> 
     </span>
     <span class='ocr_line' id='line_1_7' title="bbox 319 682 1468 727; baseline -0.003 -7"><span class='ocrx_word' id='word_1_52' title='bbox 319 697 448 721; x_wconf 84' lang='lat' dir='ltr'>rursus</span> <span class='ocrx_word' id='word_1_53' title='bbox 478 690 605 720; x_wconf 86' lang='lat' dir='ltr'>aestus</span> <span class='ocrx_word' id='word_1_54' title='bbox 626 684 964 721; x_wconf 82' lang='lat' dir='ltr'>commutationem</span> <span class='ocrx_word' id='word_1_55' title='bbox 985 690 1152 727; x_wconf 90' lang='lat' dir='ltr'>secutus,</span> <span class='ocrx_word' id='word_1_56' title='bbox 1172 682 1286 719; x_wconf 87' lang='lat' dir='ltr'>remis</span> <span class='ocrx_word' id='word_1_57' title='bbox 1306 687 1468 718; x_wconf 87' lang='lat' dir='ltr'>conten-</span> 
     </span>
     <span class='ocr_line' id='line_1_8' title="bbox 319 743 1467 795; baseline -0.003 -13"><span class='ocrx_word' id='word_1_58' title='bbox 319 746 389 791; x_wconf 88' lang='lat' dir='ltr'>dit,</span> <span class='ocrx_word' id='word_1_59' title='bbox 410 753 452 782; x_wconf 91' lang='lat' dir='ltr'>ut</span> <span class='ocrx_word' id='word_1_60' title='bbox 471 758 553 782; x_wconf 87' lang='lat' dir='ltr'>eam</span> <span class='ocrx_word' id='word_1_61' title='bbox 575 752 722 795; x_wconf 87' lang='lat' dir='ltr'>partem</span> <span class='ocrx_word' id='word_1_62' title='bbox 744 744 889 782; x_wconf 83' lang='lat' dir='ltr'>insulae</span> <span class='ocrx_word' id='word_1_63' title='bbox 910 751 1079 795; x_wconf 84' lang='lat' dir='ltr'>caperet,</span> <span class='ocrx_word' id='word_1_64' title='bbox 1102 756 1176 793; x_wconf 87' lang='lat' dir='ltr'>qua</span> <span class='ocrx_word' id='word_1_65' title='bbox 1194 743 1381 793; x_wconf 86' lang='lat' dir='ltr'>optimum</span> <span class='ocrx_word' id='word_1_66' title='bbox 1409 753 1467 778; x_wconf 88' lang='lat' dir='ltr'>es-</span> 
     </span>
     <span class='ocr_line' id='line_1_9' title="bbox 318 803 1467 856; baseline -0.003 -13"><span class='ocrx_word' id='word_1_67' title='bbox 318 819 358 843; x_wconf 82' lang='lat' dir='ltr'>se</span> <span class='ocrx_word' id='word_1_68' title='bbox 375 818 571 856; x_wconf 85' lang='lat' dir='ltr'>egressum</span> <span class='ocrx_word' id='word_1_69' title='bbox 588 805 786 856; x_wconf 79' lang='lat' dir='ltr'>superiore</span> <span class='ocrx_word' id='word_1_70' title='bbox 807 813 952 842; x_wconf 85' lang='lat' dir='ltr'>aestate</span> <span class='ocrx_word' id='word_1_71' title='bbox 967 812 1215 854; x_wconf 83' lang='lat' dir='ltr'>cognoverat.</span> <span class='ocrx_word' id='word_1_72' title='bbox 1269 804 1355 845; x_wconf 83' lang='lat' dir='ltr'>Qua</span> <span class='ocrx_word' id='word_1_73' title='bbox 1375 803 1411 839; x_wconf 89' lang='lat' dir='ltr'>in</span> <span class='ocrx_word' id='word_1_74' title='bbox 1425 814 1467 840; x_wconf 87' lang='lat' dir='ltr'>re</span> 
     </span>
     <span class='ocr_line' id='line_1_10' title="bbox 318 863 1469 915; baseline -0.003 -12"><span class='ocrx_word' id='word_1_75' title='bbox 318 867 524 904; x_wconf 79' lang='lat' dir='ltr'>admodum</span> <span class='ocrx_word' id='word_1_76' title='bbox 544 866 617 903; x_wconf 88' lang='lat' dir='ltr'>suit</span> <span class='ocrx_word' id='word_1_77' title='bbox 646 866 811 903; x_wconf 87' lang='lat' dir='ltr'>militum</span> <span class='ocrx_word' id='word_1_78' title='bbox 830 866 950 903; x_wconf 87' lang='lat' dir='ltr'>virtus</span> <span class='ocrx_word' id='word_1_79' title='bbox 968 865 1174 909; x_wconf 87' lang='lat' dir='ltr'>laudanda,</span> <span class='ocrx_word' id='word_1_80' title='bbox 1205 864 1270 915; x_wconf 90' lang='lat' dir='ltr'>qui</span> <span class='ocrx_word' id='word_1_81' title='bbox 1288 863 1469 901; x_wconf 84' lang='lat' dir='ltr'>vectoriis</span> 
     </span>
     <span class='ocr_line' id='line_1_11' title="bbox 318 923 1469 978; baseline -0.004 -14"><span class='ocrx_word' id='word_1_82' title='bbox 318 927 574 978; x_wconf 78' lang='lat' dir='ltr'>gravibusque</span> <span class='ocrx_word' id='word_1_83' title='bbox 594 924 769 975; x_wconf 74' lang='lat' dir='ltr'>navigiis,</span> <span class='ocrx_word' id='word_1_84' title='bbox 797 939 874 963; x_wconf 91' lang='lat' dir='ltr'>non</span> <span class='ocrx_word' id='word_1_85' title='bbox 893 925 1110 962; x_wconf 86' lang='lat' dir='ltr'>intermisso</span> <span class='ocrx_word' id='word_1_86' title='bbox 1130 923 1343 974; x_wconf 81' lang='lat' dir='ltr'>remigandi</span> <span class='ocrx_word' id='word_1_87' title='bbox 1361 923 1469 960; x_wconf 89' lang='lat' dir='ltr'>labo-</span> 
     </span>
     <span class='ocr_line' id='line_1_12' title="bbox 318 984 1468 1037; baseline -0.004 -13"><span class='ocrx_word' id='word_1_88' title='bbox 318 1000 373 1033; x_wconf 88' lang='lat' dir='ltr'>re,</span> <span class='ocrx_word' id='word_1_89' title='bbox 389 988 590 1037; x_wconf 82' lang='lat' dir='ltr'>longarum</span> <span class='ocrx_word' id='word_1_90' title='bbox 603 986 755 1023; x_wconf 88' lang='lat' dir='ltr'>navium</span> <span class='ocrx_word' id='word_1_91' title='bbox 770 999 923 1023; x_wconf 88' lang='lat' dir='ltr'>cursum</span> <span class='ocrx_word' id='word_1_92' title='bbox 939 985 1214 1035; x_wconf 82' lang='lat' dir='ltr'>adaequarunt.</span> <span class='ocrx_word' id='word_1_93' title='bbox 1253 984 1468 1020; x_wconf 84' lang='lat' dir='ltr'>Accessum</span> 
     </span>
     <span class='ocr_line' id='line_1_13' title="bbox 319 1043 1468 1085; baseline -0.003 0"><span class='ocrx_word' id='word_1_94' title='bbox 319 1056 377 1085; x_wconf 89' lang='lat' dir='ltr'>est</span> <span class='ocrx_word' id='word_1_95' title='bbox 397 1048 444 1085; x_wconf 86' lang='lat' dir='ltr'>ad</span> <span class='ocrx_word' id='word_1_96' title='bbox 472 1048 709 1085; x_wconf 82' lang='lat' dir='ltr'>Britanniam</span> <span class='ocrx_word' id='word_1_97' title='bbox 743 1047 920 1084; x_wconf 89' lang='lat' dir='ltr'>omnibus</span> <span class='ocrx_word' id='word_1_98' title='bbox 953 1046 1112 1083; x_wconf 88' lang='lat' dir='ltr'>navibus</span> <span class='ocrx_word' id='word_1_99' title='bbox 1144 1043 1354 1082; x_wconf 85' lang='lat' dir='ltr'>meridiano</span> <span class='ocrx_word' id='word_1_100' title='bbox 1386 1043 1468 1081; x_wconf 86' lang='lat' dir='ltr'>fere</span> 
     </span>
     <span class='ocr_line' id='line_1_14' title="bbox 319 1105 1466 1158; baseline -0.003 -13"><span class='ocrx_word' id='word_1_101' title='bbox 319 1115 517 1158; x_wconf 85' lang='lat' dir='ltr'>tempore:</span> <span class='ocrx_word' id='word_1_102' title='bbox 555 1120 680 1158; x_wconf 89' lang='lat' dir='ltr'>neque</span> <span class='ocrx_word' id='word_1_103' title='bbox 700 1108 738 1144; x_wconf 93' lang='lat' dir='ltr'>in</span> <span class='ocrx_word' id='word_1_104' title='bbox 759 1120 804 1144; x_wconf 89' lang='lat' dir='ltr'>eo</span> <span class='ocrx_word' id='word_1_105' title='bbox 836 1107 923 1144; x_wconf 93' lang='lat' dir='ltr'>loco</span> <span class='ocrx_word' id='word_1_106' title='bbox 955 1106 1076 1144; x_wconf 90' lang='lat' dir='ltr'>hostis</span> <span class='ocrx_word' id='word_1_107' title='bbox 1096 1113 1155 1143; x_wconf 83' lang='lat' dir='ltr'>est</span> <span class='ocrx_word' id='word_1_108' title='bbox 1173 1105 1289 1151; x_wconf 82' lang='lat' dir='ltr'>visus,</span> <span class='ocrx_word' id='word_1_109' title='bbox 1309 1105 1390 1151; x_wconf 86' lang='lat' dir='ltr'>sed,</span> <span class='ocrx_word' id='word_1_110' title='bbox 1423 1112 1466 1142; x_wconf 91' lang='lat' dir='ltr'>ut</span> 
     </span>
     <span class='ocr_line' id='line_1_15' title="bbox 319 1166 1469 1219; baseline -0.003 -13"><span class='ocrx_word' id='word_1_111' title='bbox 319 1177 456 1219; x_wconf 85' lang='lat' dir='ltr'>postea</span> <span class='ocrx_word' id='word_1_112' title='bbox 486 1169 629 1206; x_wconf 86' lang='lat' dir='ltr'>Caesar</span> <span class='ocrx_word' id='word_1_113' title='bbox 662 1181 712 1205; x_wconf 88' lang='lat' dir='ltr'>ex</span> <span class='ocrx_word' id='word_1_114' title='bbox 743 1167 902 1218; x_wconf 89' lang='lat' dir='ltr'>captivis</span> <span class='ocrx_word' id='word_1_115' title='bbox 927 1166 1129 1217; x_wconf 89' lang='lat' dir='ltr'>comperit,</span> <span class='ocrx_word' id='word_1_116' title='bbox 1162 1179 1279 1217; x_wconf 88' lang='lat' dir='ltr'>quum</span> <span class='ocrx_word' id='word_1_117' title='bbox 1304 1178 1469 1215; x_wconf 85' lang='lat' dir='ltr'>magnae</span> 
     </span>
     <span class='ocr_line' id='line_1_16' title="bbox 317 1227 1468 1278; baseline -0.003 -11"><span class='ocrx_word' id='word_1_118' title='bbox 317 1243 454 1267; x_wconf 87' lang='lat' dir='ltr'>manus</span> <span class='ocrx_word' id='word_1_119' title='bbox 474 1243 520 1267; x_wconf 89' lang='lat' dir='ltr'>eo</span> <span class='ocrx_word' id='word_1_120' title='bbox 541 1229 828 1275; x_wconf 87' lang='lat' dir='ltr'>convenissent,</span> <span class='ocrx_word' id='word_1_121' title='bbox 848 1228 1095 1266; x_wconf 89' lang='lat' dir='ltr'>multitudine</span> <span class='ocrx_word' id='word_1_122' title='bbox 1114 1228 1267 1265; x_wconf 86' lang='lat' dir='ltr'>navium</span> <span class='ocrx_word' id='word_1_123' title='bbox 1286 1227 1468 1278; x_wconf 87' lang='lat' dir='ltr'>perterri-</span> 
     </span>
     <span class='ocr_line' id='line_1_17' title="bbox 319 1288 1469 1341; baseline -0.003 -13"><span class='ocrx_word' id='word_1_124' title='bbox 319 1298 396 1336; x_wconf 85' lang='lat' dir='ltr'>tae,</span> <span class='ocrx_word' id='word_1_125' title='bbox 418 1304 516 1341; x_wconf 88' lang='lat' dir='ltr'>quae</span> <span class='ocrx_word' id='word_1_126' title='bbox 537 1304 623 1327; x_wconf 89' lang='lat' dir='ltr'>cum</span> <span class='ocrx_word' id='word_1_127' title='bbox 638 1290 843 1335; x_wconf 87' lang='lat' dir='ltr'>annotinis,</span> <span class='ocrx_word' id='word_1_128' title='bbox 859 1289 1108 1340; x_wconf 86' lang='lat' dir='ltr'>privatisque,</span> <span class='ocrx_word' id='word_1_129' title='bbox 1125 1301 1219 1339; x_wconf 89' lang='lat' dir='ltr'>quas</span> <span class='ocrx_word' id='word_1_130' title='bbox 1234 1288 1293 1324; x_wconf 88' lang='lat' dir='ltr'>sui</span> <span class='ocrx_word' id='word_1_131' title='bbox 1307 1288 1469 1339; x_wconf 83' lang='lat' dir='ltr'>quisque</span> 
     </span>
     <span class='ocr_line' id='line_1_18' title="bbox 318 1349 1467 1400; baseline -0.002 -12"><span class='ocrx_word' id='word_1_132' title='bbox 318 1351 511 1388; x_wconf 88' lang='lat' dir='ltr'>commodi</span> <span class='ocrx_word' id='word_1_133' title='bbox 530 1351 692 1396; x_wconf 84' lang='lat' dir='ltr'>fecerat,</span> <span class='ocrx_word' id='word_1_134' title='bbox 712 1350 875 1400; x_wconf 84' lang='lat' dir='ltr'>amplius</span> <span class='ocrx_word' id='word_1_135' title='bbox 896 1362 998 1386; x_wconf 86' lang='lat' dir='ltr'>Dccc</span> <span class='ocrx_word' id='word_1_136' title='bbox 1027 1362 1104 1387; x_wconf 92' lang='lat' dir='ltr'>uno</span> <span class='ocrx_word' id='word_1_137' title='bbox 1124 1356 1232 1387; x_wconf 88' lang='lat' dir='ltr'>erant</span> <span class='ocrx_word' id='word_1_138' title='bbox 1250 1349 1351 1386; x_wconf 87' lang='lat' dir='ltr'>visae</span> <span class='ocrx_word' id='word_1_139' title='bbox 1370 1356 1467 1386; x_wconf 88' lang='lat' dir='ltr'>tem-</span> 
     </span>
     <span class='ocr_line' id='line_1_19' title="bbox 318 1410 1470 1462; baseline 0 -14"><span class='ocrx_word' id='word_1_140' title='bbox 318 1424 427 1462; x_wconf 87' lang='lat' dir='ltr'>pore,</span> <span class='ocrx_word' id='word_1_141' title='bbox 458 1424 481 1448; x_wconf 87' lang='lat' dir='ltr'>a</span> <span class='ocrx_word' id='word_1_142' title='bbox 498 1411 628 1448; x_wconf 89' lang='lat' dir='ltr'>littore</span> <span class='ocrx_word' id='word_1_143' title='bbox 660 1411 930 1457; x_wconf 83' lang='lat' dir='ltr'>discesserant,</span> <span class='ocrx_word' id='word_1_144' title='bbox 963 1423 1008 1448; x_wconf 89' lang='lat' dir='ltr'>ac</span> <span class='ocrx_word' id='word_1_145' title='bbox 1027 1424 1068 1448; x_wconf 86' lang='lat' dir='ltr'>se</span> <span class='ocrx_word' id='word_1_146' title='bbox 1087 1410 1125 1447; x_wconf 90' lang='lat' dir='ltr'>in</span> <span class='ocrx_word' id='word_1_147' title='bbox 1156 1410 1352 1462; x_wconf 88' lang='lat' dir='ltr'>superiora</span> <span class='ocrx_word' id='word_1_148' title='bbox 1383 1410 1470 1448; x_wconf 86' lang='lat' dir='ltr'>loca</span> 
     </span>
     <span class='ocr_line' id='line_1_20' title="bbox 320 1473 561 1510; baseline -0.004 0"><span class='ocrx_word' id='word_1_149' title='bbox 320 1473 561 1510; x_wconf 88' lang='lat' dir='ltr'>abdiderant.</span> 
     </span>
    </p>

    <p class='ocr_par' dir='ltr' id='par_1_2' title="bbox 318 1532 1471 2316">
     <span class='ocr_line' id='line_1_21' title="bbox 346 1532 1468 1583; baseline 0.001 -13"><span class='ocrx_word' id='word_1_150' title='bbox 346 1533 420 1570; x_wconf 90' lang='lat' dir='ltr'>IX.</span> <span class='ocrx_word' id='word_1_151' title='bbox 473 1534 630 1578; x_wconf 88' lang='lat' dir='ltr'>Caesar,</span> <span class='ocrx_word' id='word_1_152' title='bbox 657 1532 836 1583; x_wconf 82' lang='lat' dir='ltr'>exposito</span> <span class='ocrx_word' id='word_1_153' title='bbox 855 1533 1046 1579; x_wconf 84' lang='lat' dir='ltr'>exercitu,</span> <span class='ocrx_word' id='word_1_154' title='bbox 1071 1540 1110 1570; x_wconf 88' lang='lat' dir='ltr'>et</span> <span class='ocrx_word' id='word_1_155' title='bbox 1127 1534 1214 1571; x_wconf 91' lang='lat' dir='ltr'>loco</span> <span class='ocrx_word' id='word_1_156' title='bbox 1235 1533 1368 1571; x_wconf 84' lang='lat' dir='ltr'>castris</span> <span class='ocrx_word' id='word_1_157' title='bbox 1386 1533 1468 1571; x_wconf 91' lang='lat' dir='ltr'>ido-</span> 
     </span>
     <span class='ocr_line' id='line_1_22' title="bbox 320 1594 1469 1644; baseline 0.002 -13"><span class='ocrx_word' id='word_1_158' title='bbox 320 1607 394 1632; x_wconf 90' lang='lat' dir='ltr'>neo</span> <span class='ocrx_word' id='word_1_159' title='bbox 411 1602 539 1644; x_wconf 87' lang='lat' dir='ltr'>capto,</span> <span class='ocrx_word' id='word_1_160' title='bbox 559 1594 625 1632; x_wconf 89' lang='lat' dir='ltr'>ubi</span> <span class='ocrx_word' id='word_1_161' title='bbox 641 1607 691 1631; x_wconf 88' lang='lat' dir='ltr'>ex</span> <span class='ocrx_word' id='word_1_162' title='bbox 709 1594 867 1643; x_wconf 89' lang='lat' dir='ltr'>captivis</span> <span class='ocrx_word' id='word_1_163' title='bbox 884 1594 1079 1644; x_wconf 83' lang='lat' dir='ltr'>cognovit,</span> <span class='ocrx_word' id='word_1_164' title='bbox 1093 1607 1168 1644; x_wconf 92' lang='lat' dir='ltr'>quo</span> <span class='ocrx_word' id='word_1_165' title='bbox 1188 1594 1226 1631; x_wconf 91' lang='lat' dir='ltr'>in</span> <span class='ocrx_word' id='word_1_166' title='bbox 1245 1594 1331 1632; x_wconf 89' lang='lat' dir='ltr'>loco</span> <span class='ocrx_word' id='word_1_167' title='bbox 1350 1595 1469 1633; x_wconf 88' lang='lat' dir='ltr'>hosti-</span> 
     </span>
     <span class='ocr_line' id='line_1_23' title="bbox 320 1654 1468 1704; baseline 0.002 -13"><span class='ocrx_word' id='word_1_168' title='bbox 320 1668 385 1692; x_wconf 87' lang='lat' dir='ltr'>um</span> <span class='ocrx_word' id='word_1_169' title='bbox 399 1655 534 1704; x_wconf 86' lang='lat' dir='ltr'>copiae</span> <span class='ocrx_word' id='word_1_170' title='bbox 548 1654 825 1700; x_wconf 87' lang='lat' dir='ltr'>consedissent,</span> <span class='ocrx_word' id='word_1_171' title='bbox 842 1655 1063 1692; x_wconf 87' lang='lat' dir='ltr'>cohortibus</span> <span class='ocrx_word' id='word_1_172' title='bbox 1084 1667 1109 1691; x_wconf 82' lang='lat' dir='ltr'>x</span> <span class='ocrx_word' id='word_1_173' title='bbox 1128 1655 1176 1692; x_wconf 88' lang='lat' dir='ltr'>ad</span> <span class='ocrx_word' id='word_1_174' title='bbox 1192 1668 1294 1692; x_wconf 90' lang='lat' dir='ltr'>mare</span> <span class='ocrx_word' id='word_1_175' title='bbox 1310 1656 1468 1702; x_wconf 91' lang='lat' dir='ltr'>relictis,</span> 
     </span>
     <span class='ocr_line' id='line_1_24' title="bbox 320 1715 1467 1766; baseline 0.002 -13"><span class='ocrx_word' id='word_1_176' title='bbox 320 1723 359 1753; x_wconf 88' lang='lat' dir='ltr'>et</span> <span class='ocrx_word' id='word_1_177' title='bbox 379 1716 573 1766; x_wconf 85' lang='lat' dir='ltr'>equitibus</span> <span class='ocrx_word' id='word_1_178' title='bbox 594 1728 681 1761; x_wconf 81' lang='lat' dir='ltr'>ccc,</span> <span class='ocrx_word' id='word_1_179' title='bbox 713 1715 778 1766; x_wconf 91' lang='lat' dir='ltr'>qui</span> <span class='ocrx_word' id='word_1_180' title='bbox 797 1716 986 1765; x_wconf 90' lang='lat' dir='ltr'>praesidio</span> <span class='ocrx_word' id='word_1_181' title='bbox 1005 1716 1163 1753; x_wconf 88' lang='lat' dir='ltr'>navibus</span> <span class='ocrx_word' id='word_1_182' title='bbox 1182 1724 1322 1762; x_wconf 88' lang='lat' dir='ltr'>essent,</span> <span class='ocrx_word' id='word_1_183' title='bbox 1346 1717 1394 1755; x_wconf 89' lang='lat' dir='ltr'>de</span> <span class='ocrx_word' id='word_1_184' title='bbox 1414 1729 1467 1755; x_wconf 92' lang='lat'>111</span> 
     </span>
     <span class='ocr_line' id='line_1_25' title="bbox 320 1776 1469 1826; baseline 0.002 -13"><span class='ocrx_word' id='word_1_185' title='bbox 320 1777 451 1826; x_wconf 86' lang='lat' dir='ltr'>vigilia</span> <span class='ocrx_word' id='word_1_186' title='bbox 470 1776 520 1813; x_wconf 86' lang='lat' dir='ltr'>ad</span> <span class='ocrx_word' id='word_1_187' title='bbox 539 1777 669 1814; x_wconf 87' lang='lat' dir='ltr'>hostes</span> <span class='ocrx_word' id='word_1_188' title='bbox 689 1776 904 1822; x_wconf 87' lang='lat' dir='ltr'>contendit,</span> <span class='ocrx_word' id='word_1_189' title='bbox 926 1790 970 1814; x_wconf 90' lang='lat' dir='ltr'>eo</span> <span class='ocrx_word' id='word_1_190' title='bbox 991 1777 1115 1814; x_wconf 90' lang='lat' dir='ltr'>minus</span> <span class='ocrx_word' id='word_1_191' title='bbox 1133 1777 1277 1814; x_wconf 90' lang='lat' dir='ltr'>veritus</span> <span class='ocrx_word' id='word_1_192' title='bbox 1294 1777 1469 1824; x_wconf 89' lang='lat' dir='ltr'>navibus,</span> 
     </span>
     <span class='ocr_line' id='line_1_26' title="bbox 322 1837 1469 1888; baseline 0.002 -13"><span class='ocrx_word' id='word_1_193' title='bbox 322 1838 425 1888; x_wconf 89' lang='lat' dir='ltr'>quod</span> <span class='ocrx_word' id='word_1_194' title='bbox 447 1837 484 1874; x_wconf 88' lang='lat' dir='ltr'>in</span> <span class='ocrx_word' id='word_1_195' title='bbox 504 1837 634 1874; x_wconf 83' lang='lat' dir='ltr'>littore</span> <span class='ocrx_word' id='word_1_196' title='bbox 649 1837 753 1874; x_wconf 90' lang='lat' dir='ltr'>molli</span> <span class='ocrx_word' id='word_1_197' title='bbox 772 1845 887 1887; x_wconf 88' lang='lat' dir='ltr'>atque</span> <span class='ocrx_word' id='word_1_198' title='bbox 907 1845 1041 1887; x_wconf 89' lang='lat' dir='ltr'>aperto</span> <span class='ocrx_word' id='word_1_199' title='bbox 1056 1838 1240 1888; x_wconf 87' lang='lat' dir='ltr'>deligatas</span> <span class='ocrx_word' id='word_1_200' title='bbox 1259 1839 1308 1876; x_wconf 87' lang='lat' dir='ltr'>ad</span> <span class='ocrx_word' id='word_1_201' title='bbox 1327 1839 1469 1877; x_wconf 88' lang='lat' dir='ltr'>ancho-</span> 
     </span>
     <span class='ocr_line' id='line_1_27' title="bbox 321 1897 1469 1950; baseline 0.002 -15"><span class='ocrx_word' id='word_1_202' title='bbox 321 1911 401 1935; x_wconf 87' lang='lat' dir='ltr'>ram</span> <span class='ocrx_word' id='word_1_203' title='bbox 415 1898 675 1948; x_wconf 87' lang='lat' dir='ltr'>relinquebat;</span> <span class='ocrx_word' id='word_1_204' title='bbox 691 1904 730 1935; x_wconf 88' lang='lat' dir='ltr'>et</span> <span class='ocrx_word' id='word_1_205' title='bbox 743 1897 935 1947; x_wconf 86' lang='lat' dir='ltr'>praesidio</span> <span class='ocrx_word' id='word_1_206' title='bbox 951 1898 1108 1935; x_wconf 86' lang='lat' dir='ltr'>navibus</span> <span class='ocrx_word' id='word_1_207' title='bbox 1127 1899 1176 1939; x_wconf 83' lang='lat' dir='ltr'>Q.</span> <span class='ocrx_word' id='word_1_208' title='bbox 1192 1899 1346 1936; x_wconf 89' lang='lat' dir='ltr'>Atrium</span> <span class='ocrx_word' id='word_1_209' title='bbox 1361 1912 1469 1950; x_wconf 87' lang='lat' dir='ltr'>prae-</span> 
     </span>
     <span class='ocr_line' id='line_1_28' title="bbox 321 1959 1470 2010; baseline 0.003 -15"><span class='ocrx_word' id='word_1_210' title='bbox 321 1959 428 1997; x_wconf 88' lang='lat' dir='ltr'>fecit.</span> <span class='ocrx_word' id='word_1_211' title='bbox 471 1959 574 2009; x_wconf 85' lang='lat' dir='ltr'>Ipse,</span> <span class='ocrx_word' id='word_1_212' title='bbox 602 1966 721 1997; x_wconf 86' lang='lat' dir='ltr'>noctu</span> <span class='ocrx_word' id='word_1_213' title='bbox 740 1972 966 2009; x_wconf 85' lang='lat' dir='ltr'>progressus</span> <span class='ocrx_word' id='word_1_214' title='bbox 980 1959 1099 1996; x_wconf 76' lang='lat' dir='ltr'>millia</span> <span class='ocrx_word' id='word_1_215' title='bbox 1116 1973 1296 2010; x_wconf 83' lang='lat' dir='ltr'>passuum</span> <span class='ocrx_word' id='word_1_216' title='bbox 1315 1960 1470 1998; x_wconf 85' lang='lat' dir='ltr'>circiter</span> 
     </span>
     <span class='ocr_line' id='line_1_29' title="bbox 320 2018 1470 2072; baseline 0.002 -16"><span class='ocrx_word' id='word_1_217' title='bbox 320 2032 398 2064; x_wconf 70' lang='grc' dir='ltr'>ΧΠ,</span> <span class='ocrx_word' id='word_1_218' title='bbox 430 2018 600 2055; x_wconf 88' lang='lat' dir='ltr'>hostium</span> <span class='ocrx_word' id='word_1_219' title='bbox 632 2019 762 2069; x_wconf 86' lang='lat' dir='ltr'>copias</span> <span class='ocrx_word' id='word_1_220' title='bbox 797 2020 1041 2070; x_wconf 84' lang='lat' dir='ltr'>conspicatus</span> <span class='ocrx_word' id='word_1_221' title='bbox 1071 2027 1141 2057; x_wconf 87' lang='lat' dir='ltr'>est.</span> <span class='ocrx_word' id='word_1_222' title='bbox 1193 2020 1268 2067; x_wconf 90' lang='lat' dir='ltr'>Illi,</span> <span class='ocrx_word' id='word_1_223' title='bbox 1296 2021 1470 2072; x_wconf 87' lang='lat' dir='ltr'>equitatu</span> 
     </span>
     <span class='ocr_line' id='line_1_30' title="bbox 318 2080 1468 2132; baseline 0.001 -14"><span class='ocrx_word' id='word_1_224' title='bbox 318 2088 436 2130; x_wconf 86' lang='lat' dir='ltr'>atquc</span> <span class='ocrx_word' id='word_1_225' title='bbox 456 2080 600 2117; x_wconf 86' lang='lat' dir='ltr'>essedis</span> <span class='ocrx_word' id='word_1_226' title='bbox 619 2080 668 2117; x_wconf 87' lang='lat' dir='ltr'>ad</span> <span class='ocrx_word' id='word_1_227' title='bbox 687 2080 830 2117; x_wconf 83' lang='lat' dir='ltr'>flumen</span> <span class='ocrx_word' id='word_1_228' title='bbox 851 2081 1056 2130; x_wconf 85' lang='lat' dir='ltr'>progressi,</span> <span class='ocrx_word' id='word_1_229' title='bbox 1087 2094 1136 2119; x_wconf 85' lang='lat' dir='ltr'>cx</span> <span class='ocrx_word' id='word_1_230' title='bbox 1155 2082 1242 2119; x_wconf 93' lang='lat' dir='ltr'>loco</span> <span class='ocrx_word' id='word_1_231' title='bbox 1273 2082 1468 2132; x_wconf 88' lang='lat' dir='ltr'>superiore</span> 
     </span>
     <span class='ocr_line' id='line_1_31' title="bbox 319 2140 1468 2193; baseline 0.002 -15"><span class='ocrx_word' id='word_1_232' title='bbox 319 2149 472 2179; x_wconf 89' lang='lat' dir='ltr'>nostros</span> <span class='ocrx_word' id='word_1_233' title='bbox 486 2140 702 2191; x_wconf 90' lang='lat' dir='ltr'>prohibere,</span> <span class='ocrx_word' id='word_1_234' title='bbox 717 2147 755 2178; x_wconf 90' lang='lat' dir='ltr'>et</span> <span class='ocrx_word' id='word_1_235' title='bbox 768 2141 957 2191; x_wconf 88' lang='lat' dir='ltr'>proelium</span> <span class='ocrx_word' id='word_1_236' title='bbox 970 2142 1227 2188; x_wconf 88' lang='lat' dir='ltr'>committere,</span> <span class='ocrx_word' id='word_1_237' title='bbox 1241 2150 1468 2193; x_wconf 88' lang='lat' dir='ltr'>coeperunt.</span> 
     </span>
     <span class='ocr_line' id='line_1_32' title="bbox 320 2201 1471 2252; baseline 0.003 -14"><span class='ocrx_word' id='word_1_238' title='bbox 320 2202 481 2252; x_wconf 90' lang='lat' dir='ltr'>Repulsi</span> <span class='ocrx_word' id='word_1_239' title='bbox 513 2203 560 2239; x_wconf 93' lang='lat' dir='ltr'>ab</span> <span class='ocrx_word' id='word_1_240' title='bbox 582 2201 770 2252; x_wconf 87' lang='lat' dir='ltr'>equitatu,</span> <span class='ocrx_word' id='word_1_241' title='bbox 801 2215 841 2239; x_wconf 90' lang='lat' dir='ltr'>se</span> <span class='ocrx_word' id='word_1_242' title='bbox 862 2202 899 2239; x_wconf 90' lang='lat' dir='ltr'>in</span> <span class='ocrx_word' id='word_1_243' title='bbox 933 2202 1044 2241; x_wconf 90' lang='lat' dir='ltr'>silvas</span> <span class='ocrx_word' id='word_1_244' title='bbox 1064 2203 1309 2250; x_wconf 85' lang='lat' dir='ltr'>abdiderunt,</span> <span class='ocrx_word' id='word_1_245' title='bbox 1340 2204 1471 2241; x_wconf 38' lang='lat' dir='ltr'>locum*</span> 
     </span>
     <span class='ocr_line' id='line_1_33' title="bbox 320 2262 1471 2316; baseline 0.003 -17"><span class='ocrx_word' id='word_1_246' title='bbox 320 2262 438 2308; x_wconf 83' lang='lat' dir='ltr'>nacti,</span> <span class='ocrx_word' id='word_1_247' title='bbox 458 2262 615 2313; x_wconf 87' lang='lat' dir='ltr'>egregie</span> <span class='ocrx_word' id='word_1_248' title='bbox 635 2270 674 2300; x_wconf 87' lang='lat' dir='ltr'>et</span> <span class='ocrx_word' id='word_1_249' title='bbox 694 2270 831 2301; x_wconf 87' lang='lat' dir='ltr'>natura</span> <span class='ocrx_word' id='word_1_250' title='bbox 843 2270 881 2302; x_wconf 90' lang='lat' dir='ltr'>et</span> <span class='ocrx_word' id='word_1_251' title='bbox 901 2276 1017 2315; x_wconf 88' lang='lat' dir='ltr'>opere</span> <span class='ocrx_word' id='word_1_252' title='bbox 1030 2265 1234 2312; x_wconf 85' lang='lat' dir='ltr'>munitum,</span> <span class='ocrx_word' id='word_1_253' title='bbox 1253 2278 1381 2316; x_wconf 88' lang='lat' dir='ltr'>quem,</span> <span class='ocrx_word' id='word_1_254' title='bbox 1401 2265 1471 2303; x_wconf 73' lang='lat' dir='ltr'>do-v</span> 
     </span>
    </p>
   </div>
   <div class='ocr_carea' id='block_1_2' title="bbox 320 214 1550 1891">
    <p class='ocr_par' dir='ltr' id='par_1_3' title="bbox 320 12 1554 1891">
     <span class='ocr_line' id='line_1_34' title="bbox 320 214 1207 257; baseline -0.005 0"><span class='ocrx_word' id='word_1_255' title='bbox 320 221 370 257; x_wconf 80' lang='lat'>98</span> <span class='ocrx_word' id='word_1_256' title='bbox 628 217 702 254; x_wconf 91' lang='lat' dir='ltr'>DE</span> <span class='ocrx_word' id='word_1_257' title='bbox 744 216 924 254; x_wconf 90' lang='lat' dir='ltr'>BELLO</span> <span class='ocrx_word' id='word_1_258' title='bbox 963 214 1207 253; x_wconf 90' lang='lat' dir='ltr'>GALLICO</span> 
     </span>
     <span class='ocr_line' id='line_1_35' title="bbox 1546 1794 1550 1891; baseline 0 0"><span class='ocrx_word' id='word_1_259' title='bbox 1546 1794 1550 1891; x_wconf 78' lang='lat' dir='ltr'>l</span> 
     </span>
    </p>
   </div>
   <div class='ocr_carea' id='block_1_3' title="bbox 713 2591 1556 2683">
    <p class='ocr_par' dir='ltr' id='par_1_4' title="bbox 713 2591 1556 2683">
     <span class='ocr_line' id='line_1_36' title="bbox 713 2591 1556 2683; baseline -0.004 3"><span class='ocrx_word' id='word_1_260' title='bbox 713 2591 1556 2683; x_wconf 45' lang='lat' dir='ltr'>*-—l</span> 
     </span>
    </p>
   </div>
  </div>
 </body>
</html>
