1556 2683
274 299 322 336 26
579 299 653 335 DE
691 299 868 337 BELLO
908 299 1151 338 GALLICO

272 400 468 449 paullatim
488 401 602 439 etlam
622 401 662 447 ii,
682 402 745 452 qui
760 415 941 452 magnum
960 402 998 438 in
1014 403 1146 440 castris
1162 416 1269 440 usum
1288 404 1407 441 habe&

271 462 379 509 bant,
397 463 536 500 milites
556 463 892 513 centurionesque,
923 463 1064 513 quique
1093 463 1266 514 equitatu
1297 477 1408 515 prae-

273 531 395 570 erant,
413 524 747 574 perturbabantur.
801 523 877 564 Qui
897 536 937 560 se
956 535 1006 560 ex
1034 523 1093 561 his
1111 523 1234 561 minus
1253 524 1406 561 timidos

271 584 481 622 existimari
499 584 692 630 volebant,
710 597 788 621 non
807 597 846 621 se
865 583 1015 620 hostem
1026 584 1162 630 vereri,
1181 584 1250 621 sed
1268 598 1406 634 angus·

272 647 343 685 tias
361 646 521 691 itineris,
552 653 590 683 et
608 645 910 695 magnitudinem
938 645 1131 691 silvarum,
1159 658 1257 695 quae
1288 646 1405 683 inter-

271 707 456 745 cederent
484 706 583 743 inter
602 705 704 755 ipsos
723 713 838 755 atque
858 705 1108 751 Ariovistum,
1145 714 1211 744 aut
1229 719 1309 744 rem
1326 706 1404 744 fru-

270 767 508 812 mentariam,
545 774 587 804 ut
606 766 696 803 satis
716 767 916 803 commode
934 767 1150 817 supportari
1177 774 1319 817 posset,
1356 767 1405 804 ti-

271 841 377 866 mere
409 827 601 866 dicebant.
656 826 841 863 Nonnulli
873 827 988 864 etiam
1020 827 1173 864 Caesari
1203 827 1404 865 renuncia-

269 891 377 935 bant,
397 901 514 938 quum
533 894 658 924 castra
672 887 815 924 moveri
831 899 876 924 ac
890 886 998 937 signa
1016 886 1105 924 ferri
1119 888 1308 937 jussisset,
1328 901 1404 925 non

269 951 352 988 fore
371 949 476 986 dIcto
495 947 694 985 audientes
717 946 871 993 milites,
907 960 1033 998 neque
1051 955 1209 999 propter
1228 949 1405 988 timorem

270 1010 379 1060 signa
396 1009 552 1047 laturos.

322 1070 406 1108 XL.
460 1070 572 1108 Haec
592 1083 708 1120 quum
720 1068 1063 1115 animadvertisset,
1084 1078 1294 1109 convocato
1310 1084 1401 1109 con-

268 1133 367 1178 silio,
404 1131 649 1181 omniumque
669 1129 844 1167 ordinum
863 1130 912 1167 ad
930 1129 969 1166 id
998 1130 1199 1168 consilium
1223 1132 1404 1170 adhibitis

269 1192 572 1237 centurionibus,
603 1191 851 1228 vehementer
882 1203 948 1227 eos
976 1190 1188 1229 incusavit:
1223 1193 1403 1242 primum,

268 1255 386 1305 quod,
406 1261 472 1291 aut
491 1265 604 1303 quam
623 1252 661 1288 in
692 1259 839 1302 partem
859 1259 924 1288 aut
943 1264 1019 1301 quo
1039 1252 1196 1290 consilio
1215 1253 1402 1292 duceren-

266 1323 343 1361 tur,
358 1314 429 1351 sibi
442 1312 702 1364 quaerendum
715 1320 781 1350 aut
796 1313 1043 1363 cogitandum
1057 1321 1249 1363 putarent.
1285 1315 1400 1352 Ario-

267 1376 419 1420 vistum,
450 1387 491 1412 se
509 1373 681 1419 consule,
711 1373 953 1423 cupid1ssime
972 1373 1103 1424 populi
1124 1373 1286 1412 Romani
1305 1377 1398 1413 arni-

267 1436 397 1474 citiam
422 1436 625 1486 appetisse.
680 1434 759 1472 Cur
789 1434 893 1472 hunc
922 1441 999 1471 tam
1028 1441 1172 1471 temere
1201 1436 1400 1487 quisquam

267 1498 315 1535 ab
347 1496 472 1534 officio
501 1496 754 1533 discessurum
778 1495 997 1544 judicaret?
1037 1494 1116 1532 Sibi
1136 1495 1289 1546 quidem
1313 1511 1400 1549 per-

266 1557 434 1603 suaderi,
454 1556 618 1607 cognitis
637 1555 714 1593 suis
731 1555 945 1606 postulatis,
963 1562 1079 1606 atque
1096 1556 1290 1606 aequitate
1309 1571 1401 1596 con-

265 1619 454 1657 ditionum
472 1624 689 1669 perspecta,
718 1629 806 1654 eum
825 1629 949 1666 neque
967 1629 1089 1662 suam,
1124 1629 1250 1668 neque
1267 1620 1398 1670 populi

267 1679 446 1725 Romani,
466 1678 627 1729 gratiam
646 1676 945 1728 repudiaturum.
1001 1677 1114 1719 Quod
1132 1677 1178 1723 si,
1196 1678 1323 1718 furore
1341 1688 1397 1718 at-

266 1753 342 1792 que
361 1739 528 1778 amentia
541 1738 739 1789 impulsuS,
753 1738 897 1775 bellum
916 1737 1119 1783 intulisset,
1139 1738 1231 1789 quid
1243 1740 1398 1779 tandem

264 1799 514 1838 vererentur?
548 1805 614 1835 aut
634 1811 702 1836 cur
721 1798 769 1835 de
788 1810 856 1835 sua
873 1797 1028 1843 virtute,
1047 1805 1113 1836 aut
1133 1799 1180 1836 de
1198 1800 1316 1850 ipsius
1335 1802 1392 1839 di-

263 1860 437 1911 ligentia,
456 1859 732 1910 desperarent?
764 1858 923 1896 Factum
942 1861 1024 1909 ejus
1042 1859 1161 1897 hostis
1183 1861 1398 1911 periculum

264 1929 417 1973 patrum
436 1928 652 1957 nostrorum
672 1920 869 1965 memoria,
901 1933 1032 1970 quum,
1053 1920 1217 1958 Cimbris
1235 1929 1274 1960 et
1294 1922 1395 1961 Teu·

265 1982 365 2019 tonis
385 1994 407 2019 a
427 1981 471 2018 C.
490 1980 619 2018 Mario
648 1979 779 2030 pulsis,
812 1993 890 2017 non
908 1979 1094 2017 minorem
1113 1980 1265 2017 laudem
1284 1993 1394 2020 exer·

263 2042 378 2088 citus,
406 2054 519 2093 quam
534 2041 615 2091 ipse
634 2041 853 2091 imperator,
871 2041 1029 2078 meritus
1043 2040 1255 2078 videbatur.
1301 2042 1397 2081 Fac-

264 2111 344 2140 tum
364 2103 480 2140 etiam
499 2115 621 2152 nuper
640 2102 678 2138 in
696 2101 821 2147 Italia,
852 2101 978 2139 servili
997 2102 1186 2145 tumultu;
1223 2115 1318 2152 quos
1338 2110 1394 2141 ta-

261 2177 350 2201 men
369 2163 514 2214 aliquid
532 2175 636 2209 usus,
655 2175 701 2200 ac
731 2162 944 2213 disciplina,
963 2175 1075 2212 quam
1100 2176 1124 2200 a
1154 2163 1264 2200 nobis
1283 2175 1394 2201 acce-

261 2225 418 2275 pissent,
438 2225 692 2262 sublevarent.
752 2222 813 2260 Ex
833 2236 911 2274 quo
926 2223 1090 2273 judicari
1108 2231 1250 2274 posset,
1276 2237 1393 2275 quan-

262 2295 343 2323 tum
374 2286 534 2323 haberet
552 2285 590 2322 in
608 2297 649 2322 se
669 2284 759 2322 boni
778 2285 1013 2322 constantia:
1055 2292 1257 2335 propterea
1275 2286 1394 2336 quod,

263 2359 357 2397 quos
390 2346 623 2398 aliquamdiu
641 2345 805 2386 inermes
823 2344 904 2384 sine
925 2358 1056 2385 caussa
1076 2344 1302 2394 timuissent,
1322 2346 1392 2385 hos
