1556 2683
577 194 743 233 LIBER
797 195 887 233 VII.
1226 198 1296 238 187

147 297 322 336 hostibus
352 298 570 346 nunciatur,
607 300 644 337 in
678 299 811 337 castris
850 298 1109 336 Romanorum
1142 306 1297 349 praeter

149 359 466 406 consuetudinem
487 361 722 407 tumultuari,
743 368 782 398 et
799 373 979 410 magnum
1001 360 1054 398 ire
1073 372 1208 409 agmen
1227 361 1294 398 ad·

150 432 260 458 verso
289 420 460 466 flumine,
485 422 729 473 sonitumque
751 434 938 459 remorum
968 422 1004 457 in
1025 421 1157 458 eadem
1185 428 1294 471 parte

150 480 338 526 exaudiri,
372 492 410 518 et
431 483 556 531 paullo
578 485 673 520 intra
692 483 830 519 milites
853 482 1010 519 navibus
1029 482 1295 531 transportari.

147 540 296 582 Quibus
317 541 430 578 rebus
451 542 606 587 auditis,
641 542 742 587 Quod
763 543 1033 581 existimabant
1059 542 1178 579 tribus
1201 542 1294 580 locis

143 603 306 639 transire
327 602 511 653 legiones,
525 610 639 654 aitque
656 617 800 650 onmes,
814 604 1055 654 pei-turbatos
1070 602 1292 653 defectione

146 662 390 707 Aeduorum,
410 663 538 713 fugam
559 677 706 715 parare,
726 678 812 703 suas
831 678 984 715 quoque
1005 663 1134 714 copias
1154 663 1191 699 in
1213 672 1290 701 tres

145 730 274 774 partes
294 723 581 762 distribuerunt.
602 738 704 771 nam,
724 734 763 763 et
783 725 970 775 pracsidio
991 738 1011 762 e
1033 724 1187 774 regione
1209 736 1290 761 cas-

143 790 291 821 trorum
319 784 468 831 relicto,
497 793 536 822 et
567 798 684 835 parva
715 798 829 823 manu
865 785 1124 822 Metiosedum
1159 795 1292 823 versus

144 845 273 891 missa,
303 858 400 895 quae
435 854 582 883 tantuin
616 860 745 898 progr*
759 847 928 891 deretur,
960 854 1145 896 quantum
1174 856 1291 883 naves

143 906 434 956 processissent,
467 906 634 957 reliquas
653 908 782 958 copias
802 918 936 951 contra
956 907 1170 944 Labienum
1190 906 1289 955 dux-

142 975 270 1004 erunt.

195 1027 325 1066 LX11.
378 1027 506 1066 Prima
526 1028 613 1066 luce
632 1036 671 1066 et
690 1029 810 1065 nostri
826 1041 958 1067 omnes
973 1036 1082 1066 erant
1097 1036 1292 1078 transpor-

142 1090 227 1136 tati,
247 1098 289 1132 et,
306 1090 471 1127 hostium
491 1090 592 1127 acies
613 1090 855 1128 cernebatur.
911 1089 1118 1135 Labienus,
1148 1090 1292 1136 milites

142 1151 381 1196 cohortatus,
403 1159 445 1188 ut
463 1164 554 1189 suae
573 1151 755 1202 pristinae
770 1150 935 1196 virtutis,
955 1158 994 1188 et
1014 1157 1073 1188 tot
1089 1150 1288 1188 secundis-

140 1211 321 1249 simorum
341 1211 591 1262 proeliorum‚
611 1212 834 1249 memoriam
854 1212 1079 1257 retinerent,
1098 1219 1214 1262 atque
1234 1211 1291 1261 ip-

139 1283 223 1308 sum
241 1271 459 1317 Caesarem,
480 1273 589 1322 cujus
604 1272 725 1310 ductu
737 1285 1013 1322 saepenumero
1029 1273 1157 1310 hostes
1175 1283 1291 1322 supe-

140 1333 303 1378 rassent,
330 1342 570 1383 praesentem
589 1334 723 1372 adesse
742 1333 1022 1380 existimarent,
1053 1334 1119 1377 dat
1135 1334 1290 1383 signum

139 1392 287 1443 proelii.
341 1392 470 1430 Primo
501 1406 707 1439 concursu,
735 1394 784 1431 ab
803 1395 941 1431 dextro
971 1406 1107 1439 cornu,
1135 1393 1200 1430 ubi
1223 1402 1292 1441 v11⁴

139 1453 243 1503 legio
273 1453 512 1499 constiterat,
542 1454 672 1492 hostes
700 1453 911 1504 pelluntur,
937 1460 1054 1504 atque
1086 1453 1124 1490 in
1156 1451 1290 1503 fugam

140 1514 425 1565 conjiciuntur:
445 1515 493 1552 ab
511 1515 680 1559 sinistro,
700 1527 814 1565 quem
830 1514 957 1552 locum
973 1525 1036 1551 ΧΠ
1055 1513 1158 1564 legio
1179 1520 1289 1551 tene-

142 1575 223 1621 bat,
244 1589 361 1627 quum
380 1575 492 1626 primi
508 1575 662 1613 ordines
683 1575 861 1620 hostium,
882 1574 1055 1612 transfixi
1073 1574 1175 1626 pilis,
1195 1587 1288 1612 con—

138 1636 336 1682 cidissent,
355 1644 484 1675 tamen
504 1636 690 1674 acerrime
711 1635 847 1686 reliqui
865 1636 1110 1682 resistebant,
1129 1648 1203 1674 nec
1222 1636 1289 1673 da-

137 1698 206 1736 bat
224 1698 481 1749 suspicionem
499 1697 616 1748 fugae
646 1697 857 1748 quisquam.
911 1696 1000 1747 Ipse
1019 1696 1100 1734 dux
1118 1696 1287 1734 hostium

140 1758 427 1810 Camulogenus
459 1759 536 1797 suis
566 1759 712 1804 aderat,
748 1766 864 1809 atque
897 1771 964 1796 eos
997 1758 1287 1796 cohortabatur.

138 1819 210 1865 At,
230 1820 381 1862 incerto
399 1821 515 1858 etiam
535 1833 638 1858 nunc
657 1819 765 1857 exitu
783 1819 981 1865 victoriae,
1001 1832 1118 1871 quum
1138 1830 1202 1856 νη
1232 1820 1288 1856 le-

139 1882 265 1932 gionis
283 1882 446 1920 tribunis
474 1889 576 1920 esset
593 1881 832 1926 nunciatum,
853 1894 951 1931 quae
969 1881 1009 1918 in
1029 1880 1181 1918 sinistro
1202 1892 1287 1917 cor-

139 1956 192 1981 nu
211 1950 455 1994 gererentur,
485 1950 574 1994 post
590 1949 743 1993 tergum
761 1941 929 1979 hostium
949 1941 1141 1991 legionem
1157 1948 1287 1977 osten-

139 2004 293 2051 derunt,
311 2003 498 2054 signaque
516 2002 742 2040 intulerunt.
797 2002 857 2039 Ne
876 2014 923 2039 eo
943 2002 1098 2053 quidem
1111 2009 1287 2052 tempore

140 2066 340 2117 quisquam
368 2065 456 2102 loco
475 2065 604 2110 cessit,
637 2064 706 2101 sed
725 2063 977 2102 circumventi
1004 2076 1137 2102 omnes
1168 2063 1287 2101 inter-

140 2126 312 2177 fectique
333 2133 433 2163 sunt.
489 2125 662 2162 Eandem
676 2123 870 2162 fortunam
888 2123 976 2162 tulit
989 2124 1286 2175 Camulogenus.

143 2188 201 2225 At
220 2188 259 2233 ii,
279 2187 342 2238 qui
363 2186 556 2238 praesidio
575 2192 711 2223 contra
729 2191 855 2223 castra
869 2185 1031 2222 Labieni
1046 2193 1155 2223 erant
1174 2186 1286 2224 relic-

142 2248 186 2296 ti,
205 2261 322 2300 quum
334 2247 523 2300 proelium
538 2246 783 2285 commissum
801 2245 1011 2295 audissent,
1024 2246 1193 2286 subsidio
1207 2247 1285 2287 suis
