1556 2683
301 226 375 263 156
581 223 656 260 DE
695 222 873 260 BELLO
914 222 1155 260 GALLICO

297 326 456 364 semitae
474 332 700 376 patuerant3
720 325 912 376 equitibus
932 325 1104 375 imperat,
1125 332 1180 370 ut,
1200 337 1312 376 quam
1332 325 1435 363 latis-

297 387 391 425 sime
411 394 579 438 possent,
618 394 817 437 vagentur,
846 394 885 423 et
905 399 1016 436 quam
1036 385 1244 422 maximum
1263 387 1435 423 hostibus

296 455 481 486 terrorem
501 448 677 485 inferant.
731 447 920 484 Celeriter
933 447 1029 483 haec
1047 446 1148 483 fama
1161 459 1205 483 ac
1219 447 1370 484 nunciis
1388 447 1438 484 ad

296 508 657 559 Vercingetorigem
677 508 945 558 perferuntur:
966 521 1078 557 quem
1094 508 1286 557 perterriti
1305 520 1437 545 omnes

297 569 464 606 Arverni
479 570 775 613 circumsistunt,
796 576 910 619 atque
930 568 1146 613 obsecrant,
1166 576 1209 605 ut
1222 569 1298 606 suis
1316 568 1437 606 fortu-

294 630 352 667 nis
373 630 560 676 consulat,
579 643 655 667 neu
671 642 710 666 se
729 630 776 667 ab
798 629 969 666 hostibus
989 628 1098 679 diripi
1118 630 1308 679 patiatur;
1328 642 1438 680 prae-

294 690 424 727 sertim
458 704 574 741 quum
592 690 719 727 videat
745 703 858 727 omne
889 689 938 727 ad
957 702 997 726 se
1025 689 1168 726 bellurn
1200 690 1436 728 translatum.

295 751 483 796 Quorum,
510 751 586 797 ille,
608 751 787 801 precibus
813 759 1022 801 permotus,
1042 758 1167 797 castra
1185 763 1235 787 ex
1255 750 1437 801 Biturigi-

293 810 364 848 bus
384 818 511 848 movet
531 811 568 847 in
591 812 787 848 Arvernos
806 824 947 848 versus.
1101 804 1113 808 ⁹

343 871 414 908 IX.
469 872 524 909 At
544 873 698 918 Caesar,
718 872 876 909 biduum
895 872 934 908 in
953 871 997 908 iis
1016 872 1110 909 locis
1130 879 1312 917 moratus,
1333 873 1438 922 quod

291 932 388 969 haec
402 933 455 969 de
476 933 796 984 Vercingetorige
816 946 886 970 usu
900 940 1062 970 ventura
1081 933 1259 983 opinione
1280 946 1436 984 praece-

291 999 416 1042 perat,
455 1006 522 1043 pcr
542 1005 714 1030 caussam
733 993 989 1044 supplementi
1008 993 1277 1044 equitatusque
1297 1007 1439 1044 cogen-

291 1053 330 1089 di
349 1054 396 1090 ab
416 1054 592 1092 exercitu
611 1054 774 1092 discedit
790 1068 799 1091 ε
828 1054 990 1091 Brutum
1011 1054 1295 1091 adolescentem
1311 1054 1355 1092 iis
1371 1068 1435 1092 co-

289 1114 362 1165 piis
375 1114 571 1164 praeficit:
591 1115 694 1152 hunc
709 1122 855 1160 monet,
878 1123 918 1152 ut
938 1115 975 1151 in
996 1127 1127 1152 omnes
1146 1122 1272 1165 partes
1288 1116 1438 1166 equites

292 1188 404 1226 quam
424 1174 606 1213 latissime
631 1184 913 1226 pervagentur3
941 1177 1119 1213 daturum
1139 1189 1179 1212 se
1200 1189 1367 1226 operam,
1387 1190 1436 1215 ne

291 1236 443 1286 longius
463 1236 590 1273 triduo
610 1238 657 1274 ab
672 1237 805 1274 castris
824 1237 935 1275 absit.
988 1237 1062 1273 His
1078 1237 1295 1274 constitutis
1310 1239 1439 1283 rebus,

290 1298 368 1334 suis
400 1297 700 1347 inopinantibus,
728 1310 842 1348 quam
872 1297 1048 1334 maximis
1078 1305 1208 1347 potest
1239 1298 1438 1337 itineribus

290 1357 481 1395 Viennam
500 1359 686 1407 pervenit.
753 1358 811 1395 Ibi
841 1365 976 1395 nactus
995 1366 1191 1395 recentem
1211 1359 1438 1408 equitatum,

290 1432 404 1470 quem
425 1419 554 1456 multis
572 1426 661 1456 ante
681 1419 815 1457 diebus
834 1432 880 1457 eo
900 1419 1160 1470 praemiserat,
1191 1432 1317 1470 neque
1335 1420 1438 1458 diur-

291 1494 343 1518 no
372 1493 499 1531 neque
529 1488 719 1518 nocturno
751 1480 887 1518 itinere
906 1480 1135 1525 intermisso,
1155 1493 1224 1530 per
1241 1480 1336 1517 fines
1357 1482 1438 1519 Ae-

289 1542 453 1579 duorum
472 1542 510 1578 in
543 1541 740 1592 Lingones
760 1542 974 1587 contendit,
1008 1541 1071 1578 ubi
1105 1553 1137 1578 11
1165 1541 1336 1592 legiones
1355 1543 1437 1581 hie-

291 1604 471 1647 mabant3
513 1610 568 1648 ut,
605 1603 635 1640 si
668 1603 758 1653 quid
790 1603 905 1640 etiam
926 1602 973 1640 de
993 1615 1061 1639 sua
1081 1602 1202 1640 salute
1221 1603 1267 1639 ab
1289 1603 1438 1642 Aeduis

289 1663 451 1701 iniretur
484 1663 646 1710 consilii,
666 1663 862 1701 celeritate
881 1670 1160 1713 praecurreret.
1228 1664 1286 1701 Eo
1319 1678 1436 1715 quum

288 1725 539 1774 pervenisset,
566 1724 615 1761 ad
633 1724 797 1774 reliquas
815 1724 992 1774 legiones
1005 1724 1135 1768 mittit,
1155 1725 1337 1775 priusque
1357 1739 1438 1763 om-

288 1797 358 1821 nes
377 1784 414 1821 in
434 1798 551 1822 unum
569 1784 697 1822 locum
717 1785 836 1835 cogit,
864 1798 975 1835 quam
1003 1785 1051 1821 de
1071 1787 1153 1834 ejus
1172 1785 1338 1823 adventu
1360 1788 1436 1823 Ar-

287 1846 414 1883 vernis
444 1846 617 1883 nunciati
636 1853 777 1895 posset.
844 1846 932 1883 Hac
965 1858 1004 1882 re
1026 1846 1194 1895 cognita,
1224 1846 1435 1898 Vercinge-

289 1906 391 1943 torix
407 1919 536 1943 rursus
556 1907 593 1943 in
607 1906 801 1956 Bituriges
822 1906 1034 1944 exercitum
1055 1906 1217 1952 reducit,
1231 1915 1360 1957 atque,
1381 1908 1436 1945 in-

288 1966 337 2003 de
352 1966 562 2016 profectus,
576 1967 823 2017 Gergoviam,
844 1966 1026 2004 Boiorum
1045 1967 1352 2018 oppidum‚›quos
1369 1968 1435 2014 ibi,

288 2026 496 2064 Helvetico
514 2027 660 2077 proelio
674 2027 809 2072 victos,
830 2027 970 2064 Caesar
986 2027 1254 2074 collocaverat,
1270 2028 1435 2066 Aeduis-

288 2101 363 2137 que
382 2088 622 2133 attribuerat,
651 2101 873 2138 oppugnare
893 2087 1069 2125 instituit.

340 2149 389 2185 X.
444 2149 626 2197 Magnam
642 2148 738 2185 haec
759 2161 817 2185 ros
832 2148 984 2185 Caesari
1002 2148 1261 2186 difficultatem
1278 2149 1325 2187 ad
1342 2163 1433 2187 con-

289 2208 412 2246 silium
434 2209 662 2258 capiendum
683 2208 885 2245 afferebat:
921 2209 950 2244 si
971 2209 1152 2259 reliquam
1173 2218 1319 2259 partem
1352 2210 1433 2247 hie-

287 2268 358 2307 mis
378 2281 454 2307 uno
473 2269 512 2306 in
531 2269 616 2307 loco
636 2268 808 2317 legiones
829 2266 1059 2314 contineret,
1092 2280 1154 2314 ne,
1179 2268 1435 2319 stipendiariis
