1556 2683
554 196 720 234 LIBER
771 196 818 234 V.
1209 201 1280 239 101

137 306 199 336 est
213 300 261 337 ad
273 299 466 345 Cantium,
481 312 557 350 quo
570 300 650 338 fere
667 313 800 338 omnes
815 313 862 337 cx
877 299 1005 337 Gallia
1019 311 1136 337 naves
1150 301 1282 351 appel-

131 361 276 406 lantur,
291 362 337 397 ad
355 361 540 398 orientem
557 361 676 399 solem
692 377 700 404 ;
721 361 878 398 inferior
893 361 941 398 ad
956 361 1155 397 meridiem
1171 374 1282 411 spec-

132 429 202 459 tat.
259 422 348 459 Hoc
368 422 466 459 latus
486 430 594 459 tenet
615 422 768 460 circiter
787 422 905 459 millia
923 435 1100 471 passuum
1123 434 1162 458 D.
1211 423 1280 459 Al-

130 490 254 519 terum
271 482 395 532 vergit
413 482 461 518 ad
478 482 722 532 Hispaniam,
742 491 856 532 atque
873 482 1117 519 occidentem
1133 482 1251 519 solem
1269 497 1278 519 ε

129 556 205 593 qua
219 556 268 580 ex
288 551 396 594 parte
413 551 471 579 est
488 543 690 588 Hibernia,
711 543 869 580 dimidio
888 544 1024 589 minor,
1046 551 1086 581 ut
1102 545 1279 582 aestima-

129 611 206 650 tur,
236 617 349 655 quam
372 604 593 646 Britannia;
618 605 687 641 sed
705 605 787 654 pari
803 604 926 654 spatio
948 605 1202 650 transmissus,
1222 613 1279 643 at-

128 678 203 716 que
220 678 269 702 ex
285 665 425 710 Gallia,
445 672 502 701 est
519 665 556 701 in
575 664 824 701 Britanniam.
866 665 911 701 ln
932 666 1006 702 hoc
1021 665 1149 702 medio
1164 679 1280 704 cursu

128 732 186 762 est
208 725 344 770 insula,
365 737 462 775 quae
482 725 697 774 appellatur
717 724 861 762 Mona:
891 725 1107 776 complures
1128 734 1277 776 praete-

128 798 195 822 rea
213 786 379 823 minores
399 786 575 834 objectae
592 785 738 823 insulae
754 786 1021 824 existimantur
1036 802 1045 829 ;
1074 787 1122 824 de
1140 787 1278 837 quibus

132 847 264 884 insulis
295 847 468 884 nonnulli
487 847 735 897 scripserunt,
766 847 846 884 dies
867 848 1070 884 continuos
1098 861 1180 884 xxx
1206 849 1277 886 sub

127 909 263 946 bruma
278 921 360 946 esse
380 915 549 946 noctem.
577 920 646 944 nos
662 908 755 944 nihil
771 908 819 945 dc
835 922 880 945 eo
894 909 1278 959 percunctationibus

127 970 426 1020 reperiebamus,
460 969 531 1006 nisi
552 969 667 1006 certis
687 982 736 1006 ex
757 982 855 1019 aqua
875 970 1062 1007 mensuris
1081 971 1277 1010 breviores

126 1043 223 1076 esse,
252 1043 365 1081 quam
385 1030 422 1067 in
443 1030 671 1074 continenti,
700 1038 836 1066 noctes
856 1030 1090 1068 videbamus.
1146 1032 1276 1082 Hujus

125 1100 184 1130 est
211 1091 412 1142 longitudo
432 1091 574 1136 lateris,
597 1081 732 1128 ut'sert
753 1091 901 1128 illorum
922 1091 1066 1141 opinio,
1095 1104 1172 1129 Dcc
1194 1094 1276 1130 mil-

124 1153 231 1190 lium.
287 1154 460 1190 Tertium
492 1160 551 1189 est
584 1159 719 1190 contra
740 1152 1058 1202 Septemb-iones,
1095 1154 1157 1191 cui
1178 1156 1277 1204 parti

123 1215 229 1252 nulla
242 1222 300 1252 est
315 1215 469 1264 objecta
488 1220 612 1250 terra:
632 1214 700 1250 sed
719 1215 802 1263 ejus
821 1215 984 1263 angulus
1004 1214 1134 1251 lateris
1153 1216 1275 1252 maxi-

123 1288 185 1313 me
217 1275 266 1312 ad
299 1274 547 1312 Germaniam
580 1281 744 1325 spectat.
801 1274 905 1312 Huic
942 1275 1060 1312 millia
1092 1289 1274 1325 passuum

124 1348 227 1374 nccc
249 1336 287 1373 in
316 1335 596 1386 longitudinem
627 1348 723 1380 esse,
755 1336 1009 1373 existimatur.
1064 1337 1125 1374 Ita
1152 1338 1276 1375 omnis

124 1398 248 1435 insula
267 1404 325 1435 est
341 1397 379 1433 in
399 1396 564 1434 circuitu
584 1397 702 1434 vicies
725 1406 882 1434 centum
902 1398 1062 1434 millium
1082 1411 1277 1449 passuum.

180 1458 288 1495 XIV.
334 1457 396 1494 Ex
412 1458 470 1494 his
486 1458 662 1494 omnibus
676 1458 792 1508 longe
809 1466 898 1495 sunt
913 1459 1187 1506 humanissimi,
1209 1461 1275 1511 qui

125 1520 306 1558 Cantium
321 1519 510 1566 incolunt,
534 1532 632 1570 quae
648 1519 755 1569 regio
772 1527 828 1557 est
844 1520 1034 1558 maritima
1049 1522 1188 1565 omnis;
1209 1535 1275 1559 ne-

125 1595 200 1633 que
220 1581 383 1619 multum
403 1594 425 1618 a
445 1580 596 1619 Gallica
613 1580 794 1618 differunt
822 1582 1115 1619 consuetudine.
1169 1582 1275 1620 Inte-

122 1644 243 1682 riores
261 1643 436 1694 plerique
454 1642 650 1680 frumenta
664 1655 741 1680 non
761 1650 911 1686 serunt3
929 1644 997 1680 sed
1016 1643 1116 1681 lacte
1133 1651 1172 1681 et
1192 1657 1274 1682 car-

123 1719 172 1743 ne
201 1705 347 1750 vivunt,
380 1704 621 1754 pellibusque
641 1710 730 1740 sunt
760 1704 900 1741 vestiti.
946 1704 1091 1741 Omnes
1110 1717 1201 1742 vero
1233 1719 1275 1742 se

122 1765 298 1804 Britanni
319 1765 417 1802 vitro
444 1765 633 1810 inficiunt,
667 1765 771 1815 quod
796 1765 1015 1803 caeruleum
1036 1765 1151 1802 efficit
1171 1767 1275 1804 colo--

124 1841 228 1869 rem;
265 1834 381 1877 atque
412 1827 487 1863 hoc
516 1825 729 1863 horridiore
750 1834 840 1862 sunt
858 1826 897 1863 in
929 1839 1062 1876 pugna
1090 1836 1272 1877 aspectu:

123 1889 338 1939 capilloque
362 1895 451 1925 sunt
469 1887 671 1937 promisso,
705 1895 820 1937 atque
840 1888 943 1924 omni
971 1895 1080 1938 parte
1101 1888 1274 1936 corporis

127 1963 226 1995 rasa,
246 1958 399 2000 praeter
426 1956 542 1999 caput
561 1955 600 1985 et
619 1947 766 1985 labrum
787 1949 974 1997 superius.
1028 1949 1182 1986 Uxores
1208 1949 1274 1986 ha-

123 2012 216 2048 bent
235 2010 324 2048 deni
344 2010 590 2060 duodenique
609 2009 709 2045 intei-
728 2022 768 2046 se
789 2022 1026 2055 communes,
1046 2017 1086 2046 et
1104 2011 1273 2048 maxime

123 2071 259 2109 fratres
288 2084 375 2108 cum
402 2069 597 2115 fratribus,
617 2076 874 2119 parentesque
895 2082 983 2106 cum
1002 2068 1156 2105 liberis:
1189 2070 1272 2115 sed,

124 2133 155 2170 si
177 2132 241 2183 qui
261 2139 350 2169 sunt
370 2144 420 2168 ex
448 2131 506 2168 his
534 2131 628 2175 nati,
662 2143 794 2167 eorum
822 2131 1015 2167 habentur
1044 2130 1168 2176 liberi,
1197 2144 1274 2182 quo

125 2194 289 2244 primum
310 2192 418 2242 virgo
448 2204 622 2242 quaeque
644 2191 814 2229 deducta
833 2199 904 2228 est.

177 2254 264 2291 XV.
318 2253 480 2304 Equites
500 2253 667 2291 hostium
689 2252 949 2303 essedariique
967 2253 1108 2292 acriter
1126 2254 1274 2305 proelio
