1556 2683
248 269 327 316 240
565 266 640 304 DE
677 264 855 312 BELLO
896 263 1063 304 CIVILI

242 371 411 411 suerant.
438 369 668 417 Decurritur
683 370 732 406 ad
744 369 836 406 illud
852 376 1065 406 extremum
1081 375 1195 418 atque
1208 367 1382 414 ultimum

242 430 319 478 SC.
348 443 438 480 quo,
468 431 537 467 nisi
557 443 677 481 paene
697 430 733 466 in
755 429 836 479 ipso
856 429 959 466 urbis
987 428 1179 474 incendio,
1209 435 1324 478 atque
1343 428 1382 467 in

241 490 509 541 desperatione
543 491 709 528 omnium
737 488 882 534 salutis,
911 489 1075 525 latorum
1102 488 1261 525 audacia
1288 501 1384 531 nun-

241 563 356 601 quam
381 558 470 589 ante
501 551 708 589 discessum
741 556 822 586 est:
868 550 974 585 Dent
1007 561 1163 598 operam
1195 548 1383 593 consules,

238 619 448 662 praetores,
477 611 617 648 tribuni
638 610 771 661 plebis,
803 609 945 659 quique
973 609 1191 646 consulares
1222 616 1309 646 sunt
1336 609 1386 651 ad

241 673 388 718 urbem,
420 685 469 709 ne
495 672 587 722 quid
614 670 831 721 respublica
851 670 1071 707 detrimenti
1091 670 1227 719 capiat.
1273 669 1384 706 Haec

239 731 316 769 SC.
335 731 621 781 perscribuntur
648 744 681 768 a.
701 731 736 768 d.
764 744 839 768 νιιι
862 730 953 767 Idus
980 730 1194 766 Januarias.
1248 729 1383 779 ltaque

244 803 271 828 v
290 793 421 842 primis
440 792 587 836 diebus,
608 792 744 841 quibus
758 792 889 828 haberi
908 798 1062 827 senatus
1081 791 1220 840 potuit,
1241 803 1315 840 qua
1335 803 1383 827 ex

240 852 302 890 die
324 852 562 895 consulatum
597 852 679 888 iniit
709 851 911 896 Lentulus,
943 851 1060 888 biduo
1081 859 1246 901 excepto
1267 851 1385 889 comi-

240 913 334 958 tiali,
368 920 406 949 et
425 913 472 951 de
493 912 652 962 imper-io
673 912 860 957 Caesaris,
893 919 931 949 et
950 912 997 948 de
1026 912 1265 961 amplissimis
1283 912 1384 956 viris,

243 973 404 1009 tribunis
424 973 559 1023 plebis,
579 972 799 1022 gravissime
815 972 1135 1021 acerbissimeque
1155 972 1385 1013 decernitur.

240 1034 472 1084 Profugiunt
500 1034 626 1070 statim
648 1047 696 1070 ex
718 1034 810 1071 urbe
843 1033 985 1078 tribuni
1004 1033 1140 1082 plebis,
1160 1046 1319 1082 seseque
1338 1033 1388 1074 ad,

239 1095 443 1137 Caesarem
464 1095 680 1132 conferunt.
734 1094 771 1131 Is
801 1107 847 1131 eo
867 1102 1040 1144 tempore
1061 1101 1143 1131 erat
1164 1094 1385 1137 Ravennae,

241 1156 569 1207 exspectabatque
589 1156 665 1192 suis
685 1154 884 1193 lenissimis
911 1155 1110 1205 postulatis
1129 1167 1323 1204 responsa,
1355 1153 1387 1191 si

240 1231 314 1269 qua
333 1218 530 1255 hominum
550 1216 744 1266 aequitate
758 1229 817 1253 res
833 1217 880 1253 ad
896 1216 1016 1253 otium
1033 1215 1172 1252 deduci
1191 1226 1331 1265 posset.

291 1279 359 1315 VI.
413 1278 604 1314 Proximis
617 1277 751 1314 diebus
766 1277 929 1317 habetur
941 1283 1094 1317 senatus
1108 1283 1218 1312 extra
1238 1276 1384 1312 urbem.

239 1339 445 1390 Pompeius
464 1339 597 1375 eadem
618 1337 694 1382 illa,
715 1350 813 1387 quae
827 1350 896 1387 per
917 1336 1135 1386 Scipionem
1151 1336 1385 1382 ostenderat,

237 1401 343 1451 agit3
372 1406 526 1436 senatus
546 1399 725 1435 virtutem
741 1397 1070 1447 constantiamque
1087 1397 1301 1434 collaudat:
1322 1410 1386 1434 co-

237 1462 319 1512 pias
347 1473 433 1498 suas
467 1459 649 1509 exponit;
680 1458 852 1508 legiones
883 1458 1026 1498 habere
1055 1470 1137 1498 sese
1166 1465 1316 1507 paratas
1348 1470 1385 1499 Χ.

237 1528 439 1574 praeterea
466 1519 662 1569 cognitum
692 1525 1007 1569 compertumque
1037 1518 1121 1564 sibi,
1152 1519 1276 1559 alieno
1303 1531 1386 1559 esse

240 1582 368 1620 animo
382 1581 419 1617 in
434 1581 637 1618 Caesarem
653 1579 807 1624 milites,
827 1591 952 1629 neque
968 1578 1012 1615 iis
1026 1591 1138 1627 posse
1151 1579 1386 1628 persuaderi,

243 1644 298 1680 uti
313 1655 401 1680 eum
420 1641 643 1686 defendant,
662 1647 729 1678 aut
744 1647 965 1690 sequantur.
1005 1639 1148 1677 Saltem
1168 1640 1215 1676 de
1232 1640 1386 1690 reliquis

238 1705 351 1742 rebus
367 1703 417 1740 ad
432 1709 606 1740 senatum
619 1701 802 1738 refertur:
823 1707 903 1737 tota
918 1700 1028 1739 Italia
1043 1700 1206 1739 dilectus
1219 1701 1384 1738 habean-

237 1774 321 1808 tur;
349 1764 512 1806 Faustus
535 1762 641 1798 Sulla
659 1768 885 1811 propraetor
903 1761 942 1797 in
966 1760 1237 1798 Mauritaniam
1256 1761 1383 1801 mitta-

237 1834 323 1867 tur;
355 1822 520 1874 pecunia
539 1822 595 1858 uti
612 1835 660 1858 ex
676 1821 823 1858 aerario
844 1821 1028 1871 Pompeio
1048 1821 1171 1858 detur.
1201 1822 1383 1859 Refertur

237 1887 352 1924 etiam
371 1884 418 1921 de
439 1896 528 1933 rege
547 1883 572 1919 J
578 1883 664 1928 uba,
685 1889 726 1919 ut
740 1882 866 1919 socius
881 1882 929 1920 sit
944 1889 1059 1932 atque
1079 1882 1223 1920 amiCus
1240 1896 1248 1918 :
1277 1882 1382 1920 Mar-

240 1946 360 1985 cellus
374 1957 463 1981 vero
477 1955 677 1993 passurum
691 1954 732 1979 se
748 1942 785 1978 in
802 1942 1016 1992 praesentia
1035 1949 1163 1992 negat.
1191 1943 1253 1980 De
1270 1942 1384 1980 Faus-

238 2014 279 2044 to
299 2004 457 2055 impedit
474 2004 688 2052 Philippus,
709 2002 883 2040 tribunus
901 2002 1035 2052 plebis.
1076 2002 1138 2045 De
1152 2003 1306 2053 reliquis
1325 2016 1384 2045 re-

238 2068 309 2105 bus
331 2066 404 2103 SC.
424 2064 726 2115 perscribuntur.
755 2063 978 2101 Provinciae
994 2062 1150 2113 privatis
1169 2063 1385 2106 decernun-

240 2136 317 2171 tur,
345 2125 444 2162 duae
471 2124 704 2169 consulares,
738 2124 905 2173 reliquae
932 2123 1159 2173 praetoriae.
1214 2122 1385 2173 Scipioni

246 2186 402 2225 obvenit
423 2185 546 2236 Syria,
566 2183 611 2227 L.
632 2184 804 2222 Domitio
824 2183 962 2221 Gallia.
1008 2183 1207 2234 Philippus
1222 2191 1260 2220 et
1281 2183 1386 2221 Mar-

239 2246 359 2284 cellus
387 2246 536 2296 privato
569 2245 729 2282 consilio
759 2252 1066 2295 praetereuntur,
1098 2257 1225 2294 neque
1252 2257 1386 2283 eorum

238 2315 359 2354 sortes
388 2306 631 2356 dejiciuntur.
684 2305 730 2343 ln
750 2305 914 2355 reliquas
942 2305 1155 2355 provincias
1187 2311 1383 2356 praetores
