1556 2683
540 298 705 337 LIBER
758 298 870 337 VIII.
1212 306 1289 342 ‘215

144 401 212 440 tris
227 415 357 439 eorum
374 401 609 447 intercisum,
623 402 944 440 animadverteret
961 419 969 446 ;
985 404 1164 453 pontibus
1180 406 1287 455 palu-

145 463 194 500 de
214 470 420 509 constrata,
436 462 606 513 legiones
620 463 848 508 transducit,
862 464 1114 515 celeriterque
1131 466 1166 502 in
1183 479 1285 502 sum-

144 537 244 561 mam
270 524 466 574 planitiem
495 523 578 574 jugi
609 524 798 574 pervenit,
835 538 932 575 quae
967 525 1104 563 declivi
1131 526 1287 575 fastigio

144 585 293 622 duobus
314 585 361 622 ab
382 585 563 623 lateribus
582 585 836 622 muniebatur.
892 586 949 623 lbi
981 586 1199 636 legionibus
1233 587 1288 623 in-

141 646 311 692 structis,
341 646 390 683 ad
423 646 596 683 ultimum
622 647 759 696 jugum
788 647 987 696 pervenit3
1019 647 1219 698 aciemque
1239 661 1286 685 eo

141 706 229 744 loco
249 706 462 752 constituit,
495 707 594 743 unde
614 713 807 743 tormento
834 706 947 744 missa
966 706 1042 744 tela
1060 707 1099 743 In
1119 707 1285 744 hostium

142 779 286 805 cuneos
306 767 444 816 conjici
465 774 632 817 possent.

196 827 283 864 XV.
338 827 511 873 Barbari,
531 827 664 866 confisi
683 827 759 865 loci
778 835 926 874 natura,
959 842 1077 879 quum
1105 829 1290 867 dimicare

142 901 219 926 non
238 895 474 933 recusarent,
500 887 531 924 si
551 887 651 925 forte
673 887 836 925 Romani
856 887 983 925 subire
1015 888 1152 925 collem
1174 901 1289 926 cona-

142 955 288 994 rentur,
318 948 591 998 paullatimque
611 948 740 998 copias
760 947 981 985 distributas
1000 947 1192 986 dimittere
1212 962 1289 986 non

141 1009 343 1054 auderent,
364 1022 411 1046 ne
431 1008 588 1059 dispersi
603 1009 935 1059 perturbarentur,
962 1009 1000 1045 in
1013 1009 1096 1047 acie
1111 1022 1289 1060 perman-

142 1078 287 1108 serunt.
345 1072 520 1112 Quorum
538 1070 751 1121 pertinacia
769 1070 937 1121 cognita,
958 1071 1115 1116 Caesar,
1147 1085 1202 1108 xx
1222 1084 1286 1109 co-

141 1131 315 1169 hortibus
339 1131 549 1177 instructis,
564 1131 776 1182 castrisque
796 1145 842 1168 eo
858 1132 945 1169 loco
961 1131 1127 1176 metatis,
1149 1132 1289 1170 muniri

138 1193 250 1242 jubet
269 1200 405 1230 castra.
450 1191 648 1229 Absolutis
673 1191 868 1242 operibuS,
901 1191 1071 1241 legiones
1091 1205 1160 1242 pro
1191 1193 1290 1230 vallo

146 1253 350 1291 instructas
369 1253 533 1290 collocat
551 1265 561 1288 :
589 1252 737 1302 equites
755 1251 913 1289 frenatis
932 1252 1040 1302 equis
1059 1253 1095 1289 in
1116 1253 1290 1291 stationi-

139 1315 210 1352 bus
225 1314 403 1364 disponit.
439 1313 648 1358 Bellovaci,
663 1327 783 1364 quum
804 1313 1000 1351 Romanos
1018 1314 1067 1351 ad
1082 1315 1288 1365 insequen-

139 1375 230 1412 dum
246 1382 397 1425 paratos
410 1373 597 1420 viderent,
617 1387 744 1424 neque
759 1382 989 1425 pernoctare
1003 1374 1085 1412 sine
1101 1375 1289 1425 periculo,

139 1444 207 1474 aut
234 1436 376 1473 diutius
395 1448 619 1486 permanere
645 1435 726 1472 sine
747 1436 899 1473 cibariis
917 1436 1054 1473 eodem
1084 1437 1171 1474 loco
1204 1450 1289 1488 pos-

138 1506 237 1544 sent,
267 1497 343 1535 tale
371 1497 570 1534 consilium
590 1497 648 1534 sui
668 1496 881 1548 recipiendi
901 1497 1081 1535 inierunt.
1136 1497 1290 1544 Fasces,

140 1559 196 1597 uti
216 1558 485 1603 consederant,
511 1560 713 1608 [namque,
734 1558 771 1594 in
791 1558 874 1595 acie
891 1558 1026 1596 sedere
1045 1558 1178 1597 Gallos
1198 1572 1290 1597 con-

138 1622 284 1666 suesse,
326 1620 585 1670 superioribus
622 1619 906 1657 commentariis
942 1619 1177 1657 declaratum
1202 1623 1286 1670 est]

139 1688 437 1720 stramentorum
469 1693 515 1718 ac
546 1680 815 1730 virgultorum,
848 1693 1013 1730 quorum
1041 1693 1189 1718 summa
1207 1689 1291 1719 erat

139 1744 178 1780 in
198 1743 332 1781 castris
359 1743 485 1792 copia,
512 1755 582 1792 per
600 1754 735 1779 manus
754 1741 855 1779 inter
878 1755 919 1780 se
939 1742 1114 1787 traditos,
1142 1749 1231 1786 ante
1251 1755 1290 1780 a·

142 1805 241 1842 ciem
275 1804 586 1846 collocaverunt;
615 1810 868 1853 extremoque
898 1810 1072 1853 tempore
1091 1802 1182 1848 diei,
1214 1803 1290 1854 sig-

140 1879 190 1902 no
209 1865 476 1915 pronunciato,
507 1877 582 1901 uno
603 1871 776 1914 tempore
796 1863 1063 1901 incenderunt.
1118 1864 1178 1901 Ita
1197 1878 1289 1902 con-

139 1926 265 1963 tinens
285 1926 437 1963 flamma
456 1925 585 1976 copias
605 1937 737 1962 omnes
757 1932 918 1975 repente
937 1937 960 1962 a
977 1933 1190 1975 conspectu
1205 1933 1290 1963 tex-

139 1987 170 2023 it
190 1987 463 2024 Romanorum.
517 1987 633 2028 Quod
653 1986 717 2023 ubi
734 1985 891 2032 accidit,
913 1986 1064 2023 barbari
1083 1986 1288 2024 vehemen-

138 2047 284 2085 tissimo
304 2061 418 2084 cursu
438 2046 674 2097 refugerunt.

192 2108 299 2145 XVI.
353 2109 507 2154 Caesar,
540 2108 612 2145 etsi
631 2108 841 2147 discessum
867 2109 1033 2147 hostium
1054 2109 1290 2148 animadver-

139 2177 222 2207 tere
243 2182 319 2206 non
339 2176 505 2218 poterat,
526 2169 712 2207 incendiis
731 2170 941 2221 oppositis;
969 2177 1112 2216 tamen,
1138 2171 1177 2208 id
1197 2184 1288 2208 con-

140 2230 264 2268 silium
285 2244 402 2280 quum
425 2230 536 2280 fugae
556 2243 691 2268 caussa
710 2231 846 2269 initum
865 2231 1136 2281 suspicaretur,
1169 2232 1289 2282 legio-

141 2304 209 2328 nes
241 2299 454 2341 promovet,
484 2298 626 2329 turmas
646 2291 764 2329 mittit
781 2292 832 2330 ad
861 2292 1164 2343 insequendum:
1193 2292 1289 2343 ipse,

141 2351 283 2390 veritus
312 2352 478 2405 insidias,
512 2365 561 2390 ne
592 2351 693 2390 forte
724 2352 764 2390 in
794 2354 931 2392 eodem
959 2354 1045 2392 loco
1082 2354 1287 2392 subsistere
