1556 2683
583 188 748 226 LIBER
804 187 892 225 VII.
1263 191 1338 227 203

184 300 261 338 tus,
280 299 320 330 et
340 291 567 330 adscensum
583 293 647 330 dat
668 292 803 338 Gallis,
819 299 859 329 ct
871 304 928 336 ea,
949 303 1046 342 quae
1060 290 1099 327 in
1115 297 1255 328 terram
1271 304 1335 328 oc·

187 354 426 392 cultaverant
447 354 624 400 Romani,
645 353 840 404 contegit:
870 366 942 390 nec
957 353 1036 402 jam
1056 364 1160 389 arma
1178 352 1334 397 nostris,

187 428 260 452 nec
279 415 378 452 vires
399 421 621 466 suppetunt.

237 474 461 512 LXXXVI.
516 475 589 512 His
608 476 721 512 rebus
741 475 921 524 cognitiS‚
950 474 1092 512 Caesar
1120 472 1335 510 Labienum

184 548 273 573 cum
287 535 511 573 cohortibus
525 547 568 572 V1
586 536 754 574 subsidio
770 535 1032 574 laborantibus
1048 535 1177 572 mittit.
1204 534 1333 585 Impe-

183 606 257 641 rat,
285 596 314 633 si
335 596 523 634 sustinere
554 610 629 634 non
660 597 792 648 possit,
821 596 996 634 deductis
1028 596 1264 642 cohortibus,
1298 609 1336 633 e-

185 657 364 707 ruptione
384 665 529 708 pugnet
547 672 555 693 :
585 658 637 704 id,
657 658 727 695 nisi
749 658 981 704 necessario,
1002 670 1050 695 ne
1065 657 1193 694 faciat.
1247 657 1336 707 Ipse

182 718 263 756 adit
280 719 449 769 reliquos
465 735 474 762 ;
493 719 731 765 cohortatur,
752 732 799 756 ne
818 719 939 757 labori
954 719 1231 762 succumbant;
1257 731 1337 756 om-

186 779 292 816 nium
313 780 551 830 superiorum
568 780 855 818 dimicationum
876 780 1042 818 fructum
1059 780 1097 816 in
1117 793 1163 817 eo
1183 779 1260 826 die,
1280 787 1335 818 at-

185 853 261 892 que
280 841 388 886 hora,
432 841 548 879 docet
578 842 800 879 consistere.
865 841 1090 886 Inter-iore&
1123 841 1334 891 desperatis

183 902 462 952 campestribus
497 903 590 940 locis
628 910 786 954 propter
818 903 1122 953 magnitudinem
1155 901 1336 940 munitio-

185 976 294 1009 num,
324 963 410 1001 loca
441 972 648 1015 praerupta
667 977 716 1002 ex
749 965 935 1002 adscensu
967 971 1140 1002 tentant:
1174 964 1251 1002 huc
1279 977 1339 1011 ea,

182 1037 281 1076 quae
314 1033 556 1074 paraverant,
579 1024 804 1062 conferunt:
840 1025 1085 1063 multitudine
1105 1025 1270 1062 telorum
1287 1037 1338 1062 ex

183 1085 354 1123 turribus
373 1094 662 1138 propugnantes
681 1086 908 1123 deturbant:
944 1098 1086 1136 aggere
1106 1093 1145 1122 et
1165 1086 1334 1123 cratibus

181 1147 302 1185 fossas
321 1148 495 1198 explent,
530 1147 656 1184 aditus
676 1147 912 1197 expediunt:
940 1146 1103 1184 fadeibus
1133 1146 1274 1184 vallum
1293 1160 1338 1185 ac

184 1208 345 1246 loricam
373 1208 611 1246 rescindunt.

234 1268 481 1306 LXXXVII.
538 1268 680 1306 Caesar
712 1268 831 1306 mittit
849 1269 973 1319 primo
992 1269 1158 1307 Brutum
1185 1270 1333 1307 adoles-

184 1338 340 1369 centem
361 1342 448 1367 cum
469 1330 693 1367 cohortibus
714 1342 774 1376 vr,
803 1337 889 1381 post
910 1344 996 1367 cum
1017 1331 1099 1368 aliis
1121 1343 1184 1368 vn
1206 1332 1250 1369 C.
1267 1331 1336 1369 Fa-

181 1392 288 1430 bium
303 1392 491 1442 legatum:
507 1398 703 1441 postremo
719 1391 814 1442 ipse,
828 1405 944 1442 quum
957 1393 1224 1430 vehementius
1239 1407 1337 1444 pug-

182 1460 335 1499 narent,
355 1453 526 1502 integros
546 1452 714 1489 subsidio
733 1452 903 1490 adducit.
960 1453 1157 1492 Restituto
1178 1455 1338 1505 proelio,

182 1527 229 1552 ac
248 1513 410 1564 repulsis
430 1512 618 1558 hostibus,
639 1526 699 1558 eo,
727 1527 802 1563 quo
821 1513 1036 1552 Labienum
1057 1515 1226 1562 miserat,
1248 1529 1340 1554 con-

183 1576 334 1614 tendit:
365 1574 545 1612 cohortes
577 1586 623 1610 lv
643 1587 691 1611 cx
711 1574 888 1625 proximo
910 1575 1068 1612 castello
1099 1577 1270 1622 deducit,
1301 1590 1340 1614 e-

182 1638 333 1688 quitum
353 1649 393 1674 se
413 1643 562 1686 partem
582 1635 705 1686 sequi,
737 1642 884 1686 partem
900 1636 1106 1674 circumire
1126 1638 1339 1675 exteriores

182 1697 433 1742 munitiones,
466 1703 505 1734 et
523 1697 571 1734 ab
591 1703 702 1747 tergo
715 1697 845 1734 hostes
864 1697 1020 1743 adoriri,
1035 1699 1159 1748 jubet.
1197 1699 1338 1736 Labie-

181 1773 268 1805 nus,
295 1766 498 1809 postquam
517 1771 644 1808 neque
663 1770 825 1808 aggeres
853 1771 980 1809 neque
999 1759 1124 1797 fossae
1144 1760 1220 1797 vim
1252 1761 1340 1798 hos-

181 1820 279 1858 tiurn
300 1820 488 1857 sustinere
509 1826 701 1870 poterant,
731 1819 876 1857 coactis
895 1821 1255 1872 undequadraginta
1276 1836 1339 1860 co-

186 1881 377 1926 hortibus,
411 1893 518 1931 quas,
543 1893 592 1917 ex
607 1880 793 1930 proximis
812 1881 1012 1931 praesidiis
1028 1882 1228 1929 deductas,
1262 1883 1341 1921 fors

186 1941 341 1987 obtulit,
373 1941 578 1979 Caesarem
596 1954 665 1992 per
695 1942 858 1979 nuncios
881 1942 975 1980 facit
995 1943 1213 1989 certiorem,
1249 1944 1341 1994 quid

183 2001 404 2040 faciendum
425 2002 632 2040 existimet.
688 2003 897 2041 Accelerat
929 2004 1084 2050 Caesar,
1116 2011 1158 2042 ut
1189 2005 1338 2055 proelio

185 2064 349 2101 intersit.

232 2123 499 2162 LXXXVIII.
554 2123 650 2175 Ejus
669 2123 838 2162 adventu
852 2137 902 2161 ex
919 2125 1046 2162 colore
1066 2125 1226 2163 vestitus
1248 2139 1339 2177 cog-

182 2184 280 2231 nito,
313 2197 390 2235 quo
410 2184 550 2235 insigni
569 2184 608 2220 in
636 2184 791 2234 proeliis
812 2185 867 2222 uti
887 2191 1153 2230 consueverat,
1185 2186 1339 2223 turmis-

181 2259 257 2297 que
277 2245 451 2298 equitum
471 2253 510 2284 et
538 2245 763 2284 cohortibus
783 2246 886 2294 visis,
916 2258 1010 2298 quas
1030 2259 1070 2285 se
1089 2246 1199 2297 sequi
1212 2248 1338 2298 jusse-
