1556 2683
536 269 701 306 LIBER
755 269 802 306 V.
1173 272 1245 308 105

99 386 140 411 re
159 374 406 410 consuerunt.
460 371 518 409 Eo
539 373 792 423 proficiscitur
812 385 898 411 cum
918 371 1159 422 legionibus:
1187 373 1242 409 lo-

99 447 186 471 cum
200 435 342 484 reperit
356 434 511 484 egregie
531 441 667 472 natura
685 442 801 485 atque
817 446 934 484 opere
950 434 1137 471 munitum
1157 450 1165 475 ;
1185 441 1243 471 ta-

98 508 186 532 men
219 495 321 532 hunc
352 495 499 532 duabus
519 509 568 532 ex
593 495 764 546 partibus
785 507 1007 545 oppugnare
1028 494 1241 532 contendit.

98 556 257 600 Hostes,
279 556 483 607 paullisper
513 557 664 602 morati,
694 556 856 594 militum
889 562 1106 593 nostrorum
1127 554 1247 606 impe-

98 624 178 654 tum
199 630 275 653 non
296 617 481 662 tulerunt,
500 630 660 668 seseque
680 617 755 654 alia
772 629 822 654 ex
842 623 948 667 parte
969 616 1100 666 oppidi
1115 618 1243 666 ejece-

98 685 198 714 runt.
230 677 399 728 Magnus
414 679 465 715 ibi
482 692 662 716 numerus
675 679 825 729 pecoris
844 687 1038 728 repertus;
1059 678 1249 729 multique

99 739 137 775 iu
157 738 251 788 fuga
268 748 356 776 sunt
376 740 658 790 comprehensi,
677 747 792 789 atque
812 738 1018 776 interfecti.

151 799 281 836 XXII.
335 800 440 837 Dum
459 801 556 838 haec
576 801 613 838 in
633 801 693 838 his
710 801 805 838 locis
823 807 1025 851 geruntur,
1059 800 1248 838 Cassivel-

99 861 236 899 launus
256 861 306 898 ad
325 861 520 907 Cantium,
540 862 643 912 quod
663 874 746 899 esse
765 861 815 898 ad
833 873 938 898 mare
957 874 1071 912 supra
1090 861 1249 899 demon·

97 921 313 967 stravimus,
333 922 471 972 quibus
490 922 710 972 regionibus
728 933 772 959 lv
788 934 898 972 reges
913 929 1131 972 praeerant,
1152 922 1245 960 Cin-

97 984 266 1034 getorix,
305 983 506 1029 Carvilius,
538 983 828 1033 Taximagulus,
859 982 1054 1033 Segouax,
1086 982 1248 1021 nuncios

97 1045 240 1082 mittit:
277 1052 394 1095 atque
412 1045 471 1081 his
490 1045 667 1095 imperat,
702 1044 770 1090 uti,
798 1044 943 1081 coactis
975 1043 1152 1081 omnibus
1183 1056 1249 1081 co-

98 1106 184 1157 piis,
209 1115 335 1144 castra
365 1106 514 1144 navalia
545 1106 592 1143 de
626 1105 831 1155 improviso
861 1104 1098 1151 adoriantur,
1131 1112 1248 1155 atque

100 1175 340 1218 oppugnent.
404 1166 436 1203 Ii
473 1180 590 1217 quum
612 1166 662 1206 ad
681 1173 807 1203 castra
825 1165 1031 1211 venissent,
1052 1166 1187 1211 nostri,
1206 1179 1248 1204 e-

100 1229 278 1279 ruptione
297 1228 412 1274 facta,
444 1228 573 1265 multis
592 1240 725 1265 eorum
746 1227 974 1274 interfectis,
995 1235 1108 1278 capto
1129 1227 1247 1265 etiam

96 1290 217 1327 nobili
231 1290 330 1327 duce
350 1289 604 1339 Lugotorige,
641 1301 731 1326 suos
750 1289 962 1327 incolumes
993 1289 1248 1327 reduxerunt.

95 1350 417 1396 Cassivellaunus,
447 1351 522 1388 hoc
542 1349 688 1402 proelio
707 1350 904 1396 nunciato,
924 1358 985 1389 tot
1003 1351 1246 1390 detrimentis

97 1412 283 1462 acceptis,
304 1412 461 1450 vastatis
478 1412 632 1457 finibus,
651 1411 818 1449 maxime
835 1413 950 1450 etiam
970 1419 1167 1463 permotus
1182 1413 1249 1450 de-

94 1471 264 1510 fectione
291 1472 504 1519 civitatum,
527 1473 674 1523 legatos
692 1485 761 1523 per
781 1473 1010 1510 Atrebatem
1032 1472 1250 1511 Commium

97 1534 147 1572 de
167 1533 364 1571 deditione
383 1534 432 1571 ad
448 1534 652 1572 Caesarem
673 1533 804 1571 mittit.
858 1533 1014 1579 Caesar,
1035 1547 1151 1584 quum
1172 1540 1249 1572 sta-

97 1596 234 1633 tuisset
253 1595 418 1633 hiemem
438 1595 477 1632 in
497 1595 711 1634 continenti
731 1602 886 1646 propter
906 1596 1126 1645 repentinos
1153 1594 1245 1633 Gal!-

99 1657 173 1695 liae
192 1664 318 1694 motus
336 1669 466 1707 agere,
497 1670 623 1707 neque
656 1657 818 1694 multum
838 1656 993 1693 aestatis
1012 1664 1248 1707 superesset,

98 1726 215 1768 atque
233 1717 274 1754 id
293 1717 404 1756 facile
424 1717 576 1755 extrahi
603 1731 715 1769 posse
736 1717 982 1768 intelligeret,
1003 1717 1157 1755 obsides
1177 1717 1246 1754 im-

96 1787 205 1830 perat
222 1795 231 1822 ;
264 1786 317 1824 et,
338 1779 429 1829 quid
450 1779 488 1816 in
518 1792 638 1817 annos
671 1778 843 1829 singulos
873 1778 1073 1828 vectigalis
1106 1778 1248 1829 populo

97 1840 275 1878 Romano
295 1840 493 1877 Britannia
512 1840 712 1890 penderet,
733 1839 946 1877 constituit.
974 1839 1170 1877 interdicit
1189 1846 1248 1877 at-

97 1915 173 1952 que
189 1902 351 1952 imperat
371 1901 672 1947 Cassivellauno,
691 1913 739 1938 ne
759 1900 1046 1946 Mandubratio,
1066 1912 1144 1938 neu
1164 1899 1248 1936 Tri-

99 1963 333 2000 nobantibus
350 1961 493 1999 bellum
513 1962 641 2000 faciat.

153 2023 305 2061 XXIII.
360 2023 569 2060 Obsidibus
588 2023 771 2074 acceptis,
792 2023 1006 2062 exercitum
1027 2023 1178 2062 reducit
1197 2023 1248 2061 ad

99 2098 218 2132 mare,
254 2098 370 2122 naves
402 2085 548 2122 invenit
566 2084 743 2122 refectas.
808 2084 881 2122 His
919 2085 1110 2130 deductis,
1144 2084 1249 2135 quod

100 2154 140 2184 et
159 2146 399 2198 captivorum
432 2159 613 2196 magnum
634 2158 834 2183 numerum
866 2146 1049 2191 habebat,
1080 2153 1118 2183 et
1152 2158 1249 2183 non-

100 2208 228 2246 nullae
249 2214 478 2260 tempestate
497 2207 741 2258 deperierant
761 2219 889 2253 naves,
910 2207 1059 2244 duobus
1079 2219 1248 2244 comme-

99 2266 225 2304 atibus
244 2267 457 2305 exercitum
488 2274 684 2318 reportare
704 2267 881 2306 instituit.
937 2268 997 2305 Ac
1017 2268 1072 2305 sic
1091 2266 1249 2312 accidit,-

100 2326 158 2364 uti
176 2340 226 2366 ex
245 2334 353 2367 tanto
373 2329 526 2366 navium
551 2341 727 2374 numero,
760 2335 818 2367 tot
842 2328 1163 2379 navigationibus,
1183 2340 1249 2367 ne³

180 2388 289 2426 Tou.
309 2389 339 2425 I.
701 2389 736 2426 O
