1556 2683
588 308 754 349 LIBER
809 310 841 349 1.
1213 312 1283 347 241

141 412 360 460 mittuntur,
380 425 504 463 neque
519 421 762 463 exspectant,
783 412 886 463 quod
901 408 1158 462 superi0ribus
1175 410 1283 454 annis

139 472 349 518 acciderat,
381 480 422 509 ut
451 472 499 509 de
525 486 656 510 eorum
677 473 836 523 imperio
855 472 902 509 ad
922 471 1103 521 populum
1124 471 1281 516 feratur,

137 532 398 582 paludatique,
413 532 511 570 votis
525 532 766 583 nuncupatis,
785 539 937 569 exeant.
966 532 1166 576 Consules,
1180 530 1284 581 quod

138 599 227 634 ante
248 592 285 632 id
305 600 456 642 tempu-s
483 593 678 631 acciderat
698 606 906 643 nunquam,
932 606 981 630 ex
999 592 1090 629 urbe
1110 591 1283 641 proficis—

138 660 292 698 cuntur,
320 653 553 704 lictoresque
568 654 711 698 habent
725 653 762 692 in
784 655 875 691 urbe
891 661 930 691 et
950 652 1140 703 Capitolio
1159 652 1282 702 priva-

139 713 183 758 ti,
217 723 352 751 contra
370 715 498 751 omnia
518 714 716 751 vetustatis
735 714 922 764 exempla.
978 713 1078 750 Tota
1098 712 1209 750 Italia
1228 712 1284 750 di-

137 773 261 814 lectus
273 775 476 820 habentur,
493 788 596 812 arma
612 775 860 824 imperantur,
880 773 1068 824 pecuniae
1083 786 1106 811 a
1123 773 1284 811 munici-

137 834 209 884 piis
228 835 451 885 exiguntur‚
471 848 491 872 e
513 835 609 874 sanis
624 835 834 878 tolluntur3
862 834 989 872 onmia
1007 834 1135 872 divina
1152 834 1285 880 huma-

139 908 265 946 nuque
280 897 369 945 jura
387 895 679 946 permiscentur.

193 955 285 1002 vu.
339 956 490 998 Quibus
509 956 623 993 rebus
645 955 824 1006 cognitis,
853 955 996 994 Caesar
1013 955 1118 1007 apud
1147 955 1287 994 milites

137 1017 414 1064 concionatur:
448 1017 615 1063 omnium
637 1023 851 1068 temporum
868 1017 1024 1066 injurias
1044 1017 1284 1060 inimicorum

136 1077 176 1126 in
194 1092 235 1123 se
250 1085 538 1124 commemorat,
557 1091 580 1116 a
598 1078 736 1129 quibus
755 1078 957 1116 seductum
972 1091 1018 1116 ac
1034 1078 1283 1129 depravatum

136 1139 364 1191 Pompeium
385 1139 572 1190 queritur,
600 1138 741 1176 invidia
759 1146 874 1189 atque
903 1139 1184 1181 obtrectatione
1203 1139 1285 1176 lau·

137 1199 197 1238 dis
213 1211 317 1244 suae,
347 1200 456 1247 cujus
486 1198 566 1248 ipse
586 1198 722 1236 honori
742 1206 780 1235 et
802 1198 979 1247 dignitati
1010 1211 1160 1248 semper
1179 1199 1284 1236 fave-

137 1260 199 1304 rit,
218 1259 448 1308 adjutorque
466 1254 597 1295 fuerit.
642 1259 793 1295 Novum
813 1258 851 1295 in
872 1259 1067 1308 republica
1086 1259 1283 1296 introduc-

138 1327 216 1360 tum
231 1319 450 1369 exemplum
466 1319 651 1368 queritur,
663 1326 706 1355 ut
719 1319 917 1356 tribunitia
932 1319 1156 1356 intercessio
1171 1320 1284 1356 armis

136 1386 335 1426 notaretur
353 1386 467 1430 atque
486 1379 780 1429 opprimeretur,
814 1393 913 1430 quae
933 1380 1190 1430 superioribus
1218 1393 1283 1417 an-

136 1440 194 1480 nis
213 1441 326 1487 armis
342 1453 442 1477 esset
461 1440 650 1477 restituta.
689 1439 847 1485 Sullam,
867 1440 1010 1477 nudata
1030 1440 1205 1477 omnibus
1225 1454 1283 1478 re-

137 1502 209 1547 bus
225 1501 423 1538 tribunitia
437 1508 642 1552 potestate,
656 1508 783 1539 tamen
797 1501 1109 1538 intercessionem
1125 1502 1285 1539 liberam

134 1562 356 1612 reliquisse:
378 1562 617 1612 Pompeium,
637 1562 702 1612 qui
716 1562 853 1599 amissa
868 1563 1078 1599 restituisse
1095 1562 1283 1608 videatur,

137 1623 239 1661 dona
258 1623 387 1668 etiam,
407 1635 505 1672 quae
524 1630 612 1660 ante
629 1623 829 1668 habuerat,
850 1622 1048 1665 ademisse.
1103 1623 1284 1664 Quoties-

138 1696 291 1733 cunque
311 1683 358 1719 sit
378 1682 592 1728 decretum,
613 1683 763 1720 Darent
783 1683 1026 1733 magistratus
1047 1696 1216 1733 operam,
1236 1697 1284 1721 ne

138 1744 228 1794 quid
249 1743 466 1794 respublica
485 1744 706 1781 detrimenti
730 1752 899 1795 caperet,
928 1756 1002 1794 qua
1022 1757 1130 1790 voce,
1151 1752 1189 1780 et
1209 1758 1284 1794 quo

145 1805 218 1842 SC.
251 1805 415 1855 populus
436 1804 632 1841 Romanus
651 1805 698 1842 ad
731 1817 836 1842 arma
855 1805 902 1842 sit
923 1812 1101 1847 vocatus;
1137 1805 1282 1842 factum

137 1866 175 1905 in
196 1866 420 1916 perniciosis
448 1865 610 1915 legibus,
644 1866 680 1903 in
700 1866 737 1902 vi
765 1866 975 1911 tribunitia,
1001 1865 1047 1904 -in
1066 1865 1282 1902 secessione

137 1926 282 1976 populi,
303 1927 454 1976 templis
469 1927 639 1976 locisque
656 1927 880 1964 editioribus
899 1927 1111 1977 occupatis.
1148 1927 1281 1976 Atque

137 1987 235 2032 haec
250 1987 456 2037 superioris
475 1988 611 2024 aetatis
630 1987 809 2037 exempla
827 1987 982 2037 expiata
1011 1987 1207 2024 Saturnini
1226 1994 1284 2023 at-

137 2062 212 2099 que
232 2048 498 2092 Gracchorum
520 2048 669 2086 casibus
697 2049 822 2088 docet.
876 2050 1048 2090 Quarum
1074 2061 1199 2086 rerum
1219 2048 1283 2092 illo

138 2117 311 2162 tempore
332 2108 425 2145 nihil
443 2107 600 2154 factum,
621 2121 669 2145 ne
685 2108 895 2158 cogitatum
911 2108 1082 2159 quidem;
1101 2109 1203 2145 nulla
1219 2109 1285 2145 lex

141 2169 399 2220 promulgata,
437 2182 513 2206 non
534 2182 621 2206 cum
640 2169 782 2219 populo
802 2170 863 2220 agi
884 2177 1078 2220 coeptum,
1107 2170 1210 2207 nulla
1227 2182 1286 2206 se-

139 2229 261 2277 cessio
293 2229 407 2267 sacta.
462 2229 667 2275 Hortatur,
700 2231 809 2280 cujus
829 2230 1068 2281 imperatoris
1089 2230 1209 2267 ductu
1240 2241 1286 2276 υς

139 2290 248 2330 annis
267 2289 542 2340 rempublicam
561 2290 779 2328 felicissime
806 2290 1009 2341 gesserint,
1046 2290 1284 2340 plurimaque

139 2351 285 2403 proelia
299 2351 469 2395 secunda
482 2350 661 2399 fecerint,
676 2363 829 2395 omnem
843 2351 1006 2398 Galliam
1021 2350 1284 2391 Germaniam-

224 2412 335 2450 Tou.
362 2411 394 2449 1.
682 2410 722 2448 H
750 2411 776 2448 h
