1556 2683
245 271 324 307 <214
539 268 614 306 DE
643 269 822 307 BELLO
852 264 1095 307 GALLICO

245 380 288 409 ut
307 372 499 423 equitibus
518 373 732 423 interpositi
752 372 1043 423 proeliarentur,
1069 384 1185 422 quum
1206 378 1383 410 constano

242 434 319 471 tius
339 434 503 472 universi
523 435 703 484 paludem
723 435 963 479 transissent,
981 433 1189 484 paucisque
1205 433 1382 471 resisten-

242 494 344 532 tibus
360 495 570 533 interfectis
585 494 819 545 pertinacius
831 493 1015 544 reliquam
1031 494 1312 531 multitudinem
1327 507 1385 531 es-

241 564 327 593 sent
348 557 524 601 insecuti,
556 555 749 606 perterriti
783 568 858 593 non
885 555 1006 592 solum
1027 555 1065 600 ii,
1099 556 1162 606 qui
1182 563 1248 593 aut
1280 569 1384 593 com-

242 616 367 653 minus
388 616 714 667 opprimebantur,
735 623 802 652 aut
820 615 967 653 eminus
990 616 1300 662 vulnerabantur,
1319 616 1388 653 sed

241 678 372 724 etiam,
405 678 470 727 qui
489 677 640 727 longius
672 677 873 714 subsidiari
899 684 1192 723 consueverant,
1225 678 1388 728 turpiter

242 738 467 788 refugerunt
484 753 493 780 ;
522 750 594 775 nec
616 737 719 787 prius
737 737 852 774 finem
870 737 986 787 fugae
1005 738 1195 784 fecerunt,
1215 751 1328 788 saepe
1347 751 1386 775 a·

242 799 366 836 missis
387 798 646 848 superioribus
657 798 766 844 locis,
781 811 894 849 quam
907 811 948 835 se
962 806 1027 835 aut
1043 798 1080 835 in
1097 805 1220 836 castra
1233 812 1387 835 suorum

243 859 476 910 reciperent,
496 866 562 896 aut
582 859 768 904 nonnulli,
801 872 942 909 pavore
961 859 1100 903 coacti,
1130 858 1280 908 longius
1298 872 1386 909 pro-

242 921 436 971 fugerent.
490 921 662 962 Quorum
698 920 869 970 periculo
901 920 956 957 sic
988 933 1120 958 omnes
1147 921 1281 971 copiae
1300 928 1389 958 sunt

242 982 503 1033 perturbatae,
537 988 579 1018 ut
606 982 670 1018 vix
696 981 863 1031 judicari
883 989 1025 1032 posset,
1056 989 1182 1019 utrum
1211 982 1388 1019 secundis

242 1042 410 1093 parvulis
430 1042 543 1078 rebus
564 1041 844 1088 insolentiores,
877 1055 926 1080 an
944 1043 1109 1080 adversis
1130 1043 1386 1081 mediocribus

243 1103 468 1149 timidiores,
506 1111 645 1141 essent.

294 1163 402 1200 XIV.
456 1164 726 1214 Compluribus
746 1164 881 1202 diebus
913 1165 1046 1202 iisdem
1066 1164 1104 1201 in
1135 1164 1267 1202 castris
1293 1177 1385 1202 con-

243 1226 391 1271 sumtis,
420 1238 536 1275 quum
556 1226 710 1275 propius
730 1227 936 1263 accessisse
956 1226 1141 1275 legiones,
1169 1232 1208 1262 et
1229 1226 1272 1262 C.
1293 1225 1389 1262 Tre-

241 1288 398 1330 bonium
418 1286 601 1336 legatum,
623 1287 915 1337 cognovissent3
943 1287 1060 1324 duces
1081 1287 1387 1333 Bellovacorum,

242 1349 353 1386 veriti
386 1347 546 1384 similem
575 1348 833 1385 obsessionem
854 1348 1023 1394 Alesiae,
1054 1356 1173 1386 noctu
1192 1347 1390 1385 dimittunt

243 1423 322 1455 eos,
354 1421 448 1459 quos
467 1415 533 1445 aut
551 1415 676 1445 aetate
696 1415 762 1445 aut
793 1408 935 1445 viribus
954 1409 1165 1455 inferiores,
1194 1416 1260 1446 aut
1288 1410 1388 1446 iner-

239 1481 335 1514 mes,
356 1469 564 1515 habebant,
580 1482 731 1519 unaque
744 1469 892 1520 reliqua
909 1469 1181 1520 impedimenta
1197 1483 1207 1506 z
1228 1483 1389 1520 quorum

241 1532 508 1580 perturbatum
546 1538 585 1567 et
621 1530 825 1568 confusum
861 1531 951 1568 dum
989 1531 1184 1582 explicant
1234 1544 1386 1582 agmen,

247 1591 409 1641 (magna
424 1591 525 1628 enim
541 1592 747 1628 multitudo
767 1604 961 1629 carrorum
980 1593 1094 1630 etiam
1108 1593 1309 1643 expeditos
1330 1604 1390 1629 se·

243 1654 307 1703 qui
324 1653 456 1690 Gallos
473 1653 693 1704 consuevit)
711 1653 881 1703 oppressi
895 1654 995 1699 luce,
1012 1653 1141 1704 copias
1154 1659 1388 1690 armatorum

243 1727 313 1764 pro
333 1714 409 1751 suis
435 1714 628 1751 instruunt
648 1715 781 1751 castris
799 1730 808 1757 ;
835 1729 883 1753 ne
903 1715 1007 1765 prius
1030 1715 1192 1752 Romani
1212 1714 1390 1765 persequi

240 1788 282 1811 se
305 1775 534 1825 inciperent,
556 1788 668 1825 quam
687 1776 839 1825 longius
870 1789 1007 1825 agmen
1027 1776 1388 1826 impedimentorum

240 1849 395 1873 suorum
429 1837 689 1886 processisset.
746 1838 800 1874 At
833 1837 974 1875 Caesar
1006 1851 1130 1888 neque
1167 1838 1387 1875 resistentes

243 1897 538 1948 aggrediendos,
571 1911 696 1948 neque
716 1899 900 1936 cedentes
920 1905 1026 1936 tanto
1059 1898 1166 1935 collis
1198 1898 1387 1936 adscensu

243 1958 500 2003 lacessendos,
524 1959 723 2008 judicabat
739 1975 747 2003 ;
777 1973 902 2011 neque
920 1974 997 1997 non
1012 1972 1132 2010 usque
1148 1972 1194 1996 eo
1213 1959 1385 2009 legiones

243 2019 513 2063 admovendas,
547 2027 588 2057 ut
621 2021 820 2059 discedere
847 2035 897 2059 ex
930 2035 975 2059 eo
994 2022 1083 2059 loco
1116 2022 1197 2058 sine
1216 2020 1390 2071 periculo

243 2081 409 2125 barbari,
455 2081 637 2119 militibus
675 2083 915 2129 instantibus,
952 2097 1027 2120 non
1065 2090 1235 2134 possent.
1314 2082 1388 2127 Ita,

243 2154 359 2190 quum
393 2142 570 2192 paludem
605 2144 824 2193 impeditam
846 2158 867 2181 a
887 2145 1019 2182 castris
1053 2153 1176 2182 castra
1201 2145 1386 2190 dividere,

244 2214 341 2251 quac
360 2204 581 2240 transeundi
601 2204 801 2242 difficultas
817 2205 1051 2243 celeritatem
1069 2204 1292 2255 insequendi
1312 2212 1387 2242 tar-

246 2263 337 2300 dare
356 2272 497 2314 posset,
518 2272 633 2316 atque
650 2266 687 2302 id
697 2268 846 2316 jugum,
867 2266 969 2317 quod
989 2274 1091 2304 trans
1107 2266 1285 2316 paludem
1299 2277 1390 2314 pae-

248 2334 296 2359 ne
316 2322 364 2359 ad
383 2323 548 2362 hostium
570 2333 693 2363 castra
707 2326 932 2377 pertineret,
951 2326 1134 2365 mediocri
1146 2326 1243 2364 valle
1263 2338 1285 2364 a
1305 2338 1387 2364 cas-
