<?xml version="1.0" encoding="UTF-8"?>
<!DOCTYPE html PUBLIC "-//W3C//DTD XHTML 1.0 Transitional//EN"
    "http://www.w3.org/TR/xhtml1/DTD/xhtml1-transitional.dtd">
<html xmlns="http://www.w3.org/1999/xhtml" xml:lang="en" lang="en">
 <head>
  <title>
</title>
<meta http-equiv="Content-Type" content="text/html;charset=utf-8" />
  <meta name='ocr-system' content='tesseract 3.04.00' />
  <meta name='ocr-capabilities' content='ocr_page ocr_carea ocr_par ocr_line ocrx_word'/>
</head>
<body>
  <div class='ocr_page' id='page_1' title='image "./debellogallicoet01caesuoft_0124.png"; bbox 0 0 1556 2683; ppageno 0'>
   <div class='ocr_carea' id='block_1_1' title="bbox 317 201 1222 244">
    <p class='ocr_par' dir='ltr' id='par_1_1' title="bbox 317 201 1222 244">
     <span class='ocr_line' id='line_1_1' title="bbox 317 201 1222 244; baseline 0.008 -7"><span class='ocrx_word' id='word_1_1' title='bbox 317 202 389 238; x_wconf 88' lang='grc'><strong>100</strong></span> <span class='ocrx_word' id='word_1_2' title='bbox 645 201 721 239; x_wconf 91' lang='lat' dir='ltr'><strong>DE</strong></span> <span class='ocrx_word' id='word_1_3' title='bbox 759 202 937 242; x_wconf 90' lang='lat' dir='ltr'><strong>BELLO</strong></span> <span class='ocrx_word' id='word_1_4' title='bbox 978 205 1222 244; x_wconf 84' lang='lat' dir='ltr'>GALLICO</span> 
     </span>
    </p>
   </div>
   <div class='ocr_carea' id='block_1_2' title="bbox 298 303 1454 2306">
    <p class='ocr_par' dir='ltr' id='par_1_2' title="bbox 303 303 1454 1087">
     <span class='ocr_line' id='line_1_2' title="bbox 309 303 1452 359; baseline 0.007 -20"><span class='ocrx_word' id='word_1_5' title='bbox 309 303 441 349; x_wconf 79' lang='lat' dir='ltr'><strong>sumit,</strong></span> <span class='ocrx_word' id='word_1_6' title='bbox 471 316 520 341; x_wconf 87' lang='lat' dir='ltr'><strong>ne</strong></span> <span class='ocrx_word' id='word_1_7' title='bbox 538 306 737 343; x_wconf 83' lang='lat' dir='ltr'><strong>nocturnis</strong></span> <span class='ocrx_word' id='word_1_8' title='bbox 766 307 918 356; x_wconf 90' lang='lat' dir='ltr'><strong>quidem</strong></span> <span class='ocrx_word' id='word_1_9' title='bbox 949 309 1187 359; x_wconf 81' lang='lat' dir='ltr'><strong>temporibus</strong></span> <span class='ocrx_word' id='word_1_10' title='bbox 1205 309 1254 346; x_wconf 85' lang='lat' dir='ltr'><strong>ad</strong></span> <span class='ocrx_word' id='word_1_11' title='bbox 1283 308 1452 348; x_wconf 79' lang='lat' dir='ltr'><strong>laborem</strong></span> 
     </span>
     <span class='ocr_line' id='line_1_3' title="bbox 309 364 1453 420; baseline 0.006 -20"><span class='ocrx_word' id='word_1_12' title='bbox 309 364 473 401; x_wconf 89' lang='lat' dir='ltr'><strong>militum</strong></span> <span class='ocrx_word' id='word_1_13' title='bbox 503 364 738 403; x_wconf 86' lang='lat' dir='ltr'><strong>intermissis.</strong></span> <span class='ocrx_word' id='word_1_14' title='bbox 795 367 1004 405; x_wconf 86' lang='lat' dir='ltr'><strong>Subductis</strong></span> <span class='ocrx_word' id='word_1_15' title='bbox 1037 369 1210 415; x_wconf 84' lang='lat' dir='ltr'><strong>navibus,</strong></span> <span class='ocrx_word' id='word_1_16' title='bbox 1244 371 1453 420; x_wconf 83' lang='lat' dir='ltr'><strong>castrisque</strong></span> 
     </span>
     <span class='ocr_line' id='line_1_4' title="bbox 309 425 1453 480; baseline 0.005 -19"><span class='ocrx_word' id='word_1_17' title='bbox 309 425 466 475; x_wconf 83' lang='lat' dir='ltr'><strong>egregie</strong></span> <span class='ocrx_word' id='word_1_18' title='bbox 485 426 654 471; x_wconf 86' lang='lat' dir='ltr'><strong>munitis,</strong></span> <span class='ocrx_word' id='word_1_19' title='bbox 674 427 828 465; x_wconf 89' lang='lat' dir='ltr'><strong>easdem</strong></span> <span class='ocrx_word' id='word_1_20' title='bbox 849 429 991 479; x_wconf 86' lang='lat' dir='ltr'><strong>copias,</strong></span> <span class='ocrx_word' id='word_1_21' title='bbox 1018 441 1110 479; x_wconf 86' lang='lat' dir='ltr'><strong>quas</strong></span> <span class='ocrx_word' id='word_1_22' title='bbox 1130 438 1233 475; x_wconf 88' lang='lat' dir='ltr'><strong>ante,</strong></span> <span class='ocrx_word' id='word_1_23' title='bbox 1261 430 1453 480; x_wconf 83' lang='lat' dir='ltr'><strong>praesidio</strong></span> 
     </span>
     <span class='ocr_line' id='line_1_5' title="bbox 309 485 1454 540; baseline 0.005 -18"><span class='ocrx_word' id='word_1_24' title='bbox 309 486 469 522; x_wconf 87' lang='lat' dir='ltr'><strong>navibus</strong></span> <span class='ocrx_word' id='word_1_25' title='bbox 490 485 667 536; x_wconf 87' lang='lat' dir='ltr'><strong>reliquit:</strong></span> <span class='ocrx_word' id='word_1_26' title='bbox 688 487 768 537; x_wconf 88' lang='lat' dir='ltr'><strong>ipse</strong></span> <span class='ocrx_word' id='word_1_27' title='bbox 783 489 934 534; x_wconf 90' lang='lat' dir='ltr'><strong>eodem,</strong></span> <span class='ocrx_word' id='word_1_28' title='bbox 954 489 1056 526; x_wconf 87' lang='lat' dir='ltr'><strong>unde</strong></span> <span class='ocrx_word' id='word_1_29' title='bbox 1083 490 1262 536; x_wconf 84' lang='lat' dir='ltr'><strong>redierat,</strong></span> <span class='ocrx_word' id='word_1_30' title='bbox 1282 491 1454 540; x_wconf 85' lang='lat' dir='ltr'><strong>proficis·</strong></span> 
     </span>
     <span class='ocr_line' id='line_1_6' title="bbox 309 547 1453 601; baseline 0.002 -16"><span class='ocrx_word' id='word_1_31' title='bbox 309 547 420 585; x_wconf 88' lang='lat' dir='ltr'><strong>citur.</strong></span> <span class='ocrx_word' id='word_1_32' title='bbox 475 547 533 584; x_wconf 91' lang='lat' dir='ltr'><strong>Eo</strong></span> <span class='ocrx_word' id='word_1_33' title='bbox 553 561 669 598; x_wconf 91' lang='lat' dir='ltr'><strong>quum</strong></span> <span class='ocrx_word' id='word_1_34' title='bbox 699 549 879 595; x_wconf 87' lang='lat' dir='ltr'><strong>venisset,</strong></span> <span class='ocrx_word' id='word_1_35' title='bbox 910 552 1075 599; x_wconf 87' lang='lat' dir='ltr'><strong>majores</strong></span> <span class='ocrx_word' id='word_1_36' title='bbox 1102 552 1181 600; x_wconf 86' lang='lat' dir='ltr'><strong>jam</strong></span> <span class='ocrx_word' id='word_1_37' title='bbox 1211 551 1381 601; x_wconf 87' lang='lat' dir='ltr'><strong>undique</strong></span> <span class='ocrx_word' id='word_1_38' title='bbox 1414 552 1453 588; x_wconf 88' lang='lat' dir='ltr'><strong>in</strong></span> 
     </span>
     <span class='ocr_line' id='line_1_7' title="bbox 307 608 1454 659; baseline 0.002 -13"><span class='ocrx_word' id='word_1_39' title='bbox 307 622 395 646; x_wconf 91' lang='lat' dir='ltr'><strong>eum</strong></span> <span class='ocrx_word' id='word_1_40' title='bbox 414 608 542 645; x_wconf 87' lang='lat' dir='ltr'><strong>locum</strong></span> <span class='ocrx_word' id='word_1_41' title='bbox 563 609 696 659; x_wconf 82' lang='lat' dir='ltr'><strong>copiae</strong></span> <span class='ocrx_word' id='word_1_42' title='bbox 712 609 983 647; x_wconf 79' lang='lat' dir='ltr'><strong>Britannorum</strong></span> <span class='ocrx_word' id='word_1_43' title='bbox 1002 619 1263 649; x_wconf 87' lang='lat' dir='ltr'><strong>convenerant</strong></span> <span class='ocrx_word' id='word_1_44' title='bbox 1279 628 1286 654; x_wconf 89' lang='lat'>;</span> <span class='ocrx_word' id='word_1_45' title='bbox 1306 625 1454 649; x_wconf 88' lang='lat' dir='ltr'><strong>summa</strong></span> 
     </span>
     <span class='ocr_line' id='line_1_8' title="bbox 306 669 1453 720; baseline 0.003 -14"><span class='ocrx_word' id='word_1_46' title='bbox 306 669 457 719; x_wconf 90' lang='lat' dir='ltr'><strong>imperii</strong></span> <span class='ocrx_word' id='word_1_47' title='bbox 492 670 660 720; x_wconf 91' lang='lat' dir='ltr'><strong>bellique</strong></span> <span class='ocrx_word' id='word_1_48' title='bbox 697 671 1001 715; x_wconf 87' lang='lat' dir='ltr'><strong>administrandi,</strong></span> <span class='ocrx_word' id='word_1_49' title='bbox 1047 672 1241 709; x_wconf 87' lang='lat' dir='ltr'><strong>communi</strong></span> <span class='ocrx_word' id='word_1_50' title='bbox 1277 672 1453 718; x_wconf 82' lang='lat' dir='ltr'><strong>consilio,</strong></span> 
     </span>
     <span class='ocr_line' id='line_1_9' title="bbox 306 732 1454 782; baseline 0.002 -14"><span class='ocrx_word' id='word_1_51' title='bbox 306 732 491 782; x_wconf 83' lang='lat' dir='ltr'><strong>permissa</strong></span> <span class='ocrx_word' id='word_1_52' title='bbox 520 732 822 779; x_wconf 87' lang='lat' dir='ltr'><strong>Cassivellauno,</strong></span> <span class='ocrx_word' id='word_1_53' title='bbox 853 734 962 782; x_wconf 87' lang='lat' dir='ltr'><strong>cujus</strong></span> <span class='ocrx_word' id='word_1_54' title='bbox 980 733 1074 770; x_wconf 79' lang='lat' dir='ltr'><strong>fines</strong></span> <span class='ocrx_word' id='word_1_55' title='bbox 1094 746 1116 770; x_wconf 89' lang='lat' dir='ltr'><strong>a</strong></span> <span class='ocrx_word' id='word_1_56' title='bbox 1134 733 1331 770; x_wconf 82' lang='lat' dir='ltr'><strong>maritimis</strong></span> <span class='ocrx_word' id='word_1_57' title='bbox 1361 733 1454 770; x_wconf 92' lang='lat' dir='ltr'><strong>civi·-</strong></span> 
     </span>
     <span class='ocr_line' id='line_1_10' title="bbox 307 793 1453 844; baseline 0.001 -14"><span class='ocrx_word' id='word_1_58' title='bbox 307 793 451 830; x_wconf 84' lang='lat' dir='ltr'><strong>tatibus</strong></span> <span class='ocrx_word' id='word_1_59' title='bbox 482 793 625 829; x_wconf 86' lang='lat' dir='ltr'><strong>flumen</strong></span> <span class='ocrx_word' id='word_1_60' title='bbox 657 793 805 839; x_wconf 90' lang='lat' dir='ltr'><strong>dividit,</strong></span> <span class='ocrx_word' id='word_1_61' title='bbox 838 794 942 844; x_wconf 86' lang='lat' dir='ltr'><strong>quod</strong></span> <span class='ocrx_word' id='word_1_62' title='bbox 973 794 1188 844; x_wconf 87' lang='lat' dir='ltr'><strong>appellatur</strong></span> <span class='ocrx_word' id='word_1_63' title='bbox 1220 793 1405 839; x_wconf 80' lang='lat' dir='ltr'><strong>Tamesis,</strong></span> <span class='ocrx_word' id='word_1_64' title='bbox 1430 807 1453 831; x_wconf 85' lang='lat' dir='ltr'><strong>a</strong></span> 
     </span>
     <span class='ocr_line' id='line_1_11' title="bbox 306 853 1454 904; baseline 0.001 -14"><span class='ocrx_word' id='word_1_65' title='bbox 306 853 402 890; x_wconf 85' lang='lat' dir='ltr'><strong>mari</strong></span> <span class='ocrx_word' id='word_1_66' title='bbox 421 853 577 890; x_wconf 86' lang='lat' dir='ltr'><strong>circiter</strong></span> <span class='ocrx_word' id='word_1_67' title='bbox 594 853 714 891; x_wconf 86' lang='lat' dir='ltr'><strong>millia</strong></span> <span class='ocrx_word' id='word_1_68' title='bbox 743 867 920 904; x_wconf 83' lang='lat' dir='ltr'><strong>passuum</strong></span> <span class='ocrx_word' id='word_1_69' title='bbox 948 866 1066 891; x_wconf 80' lang='lat' dir='ltr'><strong>Lxxx.</strong></span> <span class='ocrx_word' id='word_1_70' title='bbox 1121 854 1227 892; x_wconf 90' lang='lat' dir='ltr'><strong>Huic</strong></span> <span class='ocrx_word' id='word_1_71' title='bbox 1255 855 1454 904; x_wconf 86' lang='lat' dir='ltr'><strong>superiore</strong></span> 
     </span>
     <span class='ocr_line' id='line_1_12' title="bbox 305 915 1452 965; baseline 0 -13"><span class='ocrx_word' id='word_1_72' title='bbox 305 922 480 965; x_wconf 89' lang='lat' dir='ltr'><strong>tempore</strong></span> <span class='ocrx_word' id='word_1_73' title='bbox 500 927 587 951; x_wconf 91' lang='lat' dir='ltr'><strong>cum</strong></span> <span class='ocrx_word' id='word_1_74' title='bbox 607 915 764 965; x_wconf 87' lang='lat' dir='ltr'><strong>reliquis</strong></span> <span class='ocrx_word' id='word_1_75' title='bbox 784 915 1001 952; x_wconf 86' lang='lat' dir='ltr'><strong>civitatibus</strong></span> <span class='ocrx_word' id='word_1_76' title='bbox 1021 915 1260 952; x_wconf 81' lang='lat' dir='ltr'><strong>continentia</strong></span> <span class='ocrx_word' id='word_1_77' title='bbox 1277 916 1378 952; x_wconf 92' lang='lat' dir='ltr'><strong>bella</strong></span> <span class='ocrx_word' id='word_1_78' title='bbox 1396 916 1452 953; x_wconf 88' lang='lat' dir='ltr'><strong>in-</strong></span> 
     </span>
     <span class='ocr_line' id='line_1_13' title="bbox 303 975 1452 1026; baseline -0.001 -13"><span class='ocrx_word' id='word_1_79' title='bbox 303 982 575 1013; x_wconf 87' lang='lat' dir='ltr'><strong>tercesserant.</strong></span> <span class='ocrx_word' id='word_1_80' title='bbox 631 975 721 1021; x_wconf 85' lang='lat' dir='ltr'><strong>Sed,</strong></span> <span class='ocrx_word' id='word_1_81' title='bbox 742 983 873 1013; x_wconf 84' lang='lat' dir='ltr'><strong>nostro</strong></span> <span class='ocrx_word' id='word_1_82' title='bbox 893 976 1060 1013; x_wconf 88' lang='lat' dir='ltr'><strong>adventu</strong></span> <span class='ocrx_word' id='word_1_83' title='bbox 1079 977 1258 1026; x_wconf 87' lang='lat' dir='ltr'><strong>permoti,</strong></span> <span class='ocrx_word' id='word_1_84' title='bbox 1277 976 1452 1013; x_wconf 84' lang='lat' dir='ltr'><strong>Britanni</strong></span> 
     </span>
     <span class='ocr_line' id='line_1_14' title="bbox 303 1036 1179 1087; baseline 0 -14"><span class='ocrx_word' id='word_1_85' title='bbox 303 1037 409 1074; x_wconf 87' lang='lat' dir='ltr'><strong>hunc</strong></span> <span class='ocrx_word' id='word_1_86' title='bbox 428 1037 499 1074; x_wconf 89' lang='lat' dir='ltr'><strong>toti</strong></span> <span class='ocrx_word' id='word_1_87' title='bbox 517 1036 620 1074; x_wconf 91' lang='lat' dir='ltr'><strong>bello</strong></span> <span class='ocrx_word' id='word_1_88' title='bbox 640 1036 879 1087; x_wconf 90' lang='lat' dir='ltr'><strong>imperioque</strong></span> <span class='ocrx_word' id='word_1_89' title='bbox 898 1036 1179 1087; x_wconf 83' lang='lat' dir='ltr'><strong>praefecerant.</strong></span> 
     </span>
    </p>

    <p class='ocr_par' dir='ltr' id='par_1_3' title="bbox 298 1097 1454 2182">
     <span class='ocr_line' id='line_1_15' title="bbox 354 1097 1452 1148; baseline 0 -13"><span class='ocrx_word' id='word_1_90' title='bbox 354 1098 447 1135; x_wconf 89' lang='lat' dir='ltr'><strong>XII.</strong></span> <span class='ocrx_word' id='word_1_91' title='bbox 502 1098 727 1135; x_wconf 82' lang='lat' dir='ltr'><strong>Britanniae</strong></span> <span class='ocrx_word' id='word_1_92' title='bbox 758 1110 846 1148; x_wconf 89' lang='lat' dir='ltr'><strong>pars</strong></span> <span class='ocrx_word' id='word_1_93' title='bbox 888 1097 1048 1135; x_wconf 86' lang='lat' dir='ltr'><strong>interior</strong></span> <span class='ocrx_word' id='word_1_94' title='bbox 1084 1098 1130 1134; x_wconf 86' lang='lat' dir='ltr'><strong>ab</strong></span> <span class='ocrx_word' id='word_1_95' title='bbox 1169 1097 1213 1135; x_wconf 91' lang='lat' dir='ltr'><strong>iis</strong></span> <span class='ocrx_word' id='word_1_96' title='bbox 1258 1098 1452 1144; x_wconf 89' lang='lat' dir='ltr'><strong>incolitur,</strong></span> 
     </span>
     <span class='ocr_line' id='line_1_16' title="bbox 304 1158 1452 1209; baseline 0 -14"><span class='ocrx_word' id='word_1_97' title='bbox 304 1172 399 1209; x_wconf 90' lang='lat' dir='ltr'><strong>quos</strong></span> <span class='ocrx_word' id='word_1_98' title='bbox 419 1166 528 1195; x_wconf 86' lang='lat' dir='ltr'><strong>natos</strong></span> <span class='ocrx_word' id='word_1_99' title='bbox 548 1158 584 1195; x_wconf 92' lang='lat' dir='ltr'><strong>in</strong></span> <span class='ocrx_word' id='word_1_100' title='bbox 605 1158 731 1195; x_wconf 84' lang='lat' dir='ltr'><strong>insula</strong></span> <span class='ocrx_word' id='word_1_101' title='bbox 750 1158 845 1208; x_wconf 87' lang='lat' dir='ltr'><strong>ipsa,</strong></span> <span class='ocrx_word' id='word_1_102' title='bbox 875 1158 1059 1195; x_wconf 85' lang='lat' dir='ltr'><strong>memoria</strong></span> <span class='ocrx_word' id='word_1_103' title='bbox 1078 1158 1272 1208; x_wconf 85' lang='lat' dir='ltr'><strong>proditum</strong></span> <span class='ocrx_word' id='word_1_104' title='bbox 1305 1158 1452 1196; x_wconf 88' lang='lat' dir='ltr'><strong>dicunt.</strong></span> 
     </span>
     <span class='ocr_line' id='line_1_17' title="bbox 301 1219 1453 1270; baseline -0.002 -12"><span class='ocrx_word' id='word_1_105' title='bbox 301 1220 501 1258; x_wconf 78' lang='lat' dir='ltr'><strong>Maritima</strong></span> <span class='ocrx_word' id='word_1_106' title='bbox 518 1233 606 1270; x_wconf 89' lang='lat' dir='ltr'><strong>pars</strong></span> <span class='ocrx_word' id='word_1_107' title='bbox 626 1220 673 1256; x_wconf 89' lang='lat' dir='ltr'><strong>ab</strong></span> <span class='ocrx_word' id='word_1_108' title='bbox 694 1219 751 1265; x_wconf 86' lang='lat' dir='ltr'><strong>iis,</strong></span> <span class='ocrx_word' id='word_1_109' title='bbox 786 1219 864 1269; x_wconf 90' lang='lat' dir='ltr'><strong>qui,</strong></span> <span class='ocrx_word' id='word_1_110' title='bbox 901 1219 1068 1269; x_wconf 85' lang='lat' dir='ltr'><strong>praedae</strong></span> <span class='ocrx_word' id='word_1_111' title='bbox 1088 1232 1133 1256; x_wconf 87' lang='lat' dir='ltr'><strong>ac</strong></span> <span class='ocrx_word' id='word_1_112' title='bbox 1153 1219 1242 1256; x_wconf 89' lang='lat' dir='ltr'><strong>belli</strong></span> <span class='ocrx_word' id='word_1_113' title='bbox 1262 1219 1453 1256; x_wconf 84' lang='lat' dir='ltr'><strong>inferendi</strong></span> 
     </span>
     <span class='ocr_line' id='line_1_18' title="bbox 303 1280 1453 1330; baseline -0.002 -11"><span class='ocrx_word' id='word_1_114' title='bbox 303 1294 453 1326; x_wconf 83' lang='lat' dir='ltr'><strong>caussa,</strong></span> <span class='ocrx_word' id='word_1_115' title='bbox 473 1294 521 1317; x_wconf 89' lang='lat' dir='ltr'><strong>ex</strong></span> <span class='ocrx_word' id='word_1_116' title='bbox 543 1281 674 1329; x_wconf 78' lang='lat' dir='ltr'><strong>Belgis</strong></span> <span class='ocrx_word' id='word_1_117' title='bbox 694 1280 938 1325; x_wconf 82' lang='lat' dir='ltr'><strong>transierant,</strong></span> <span class='ocrx_word' id='word_1_118' title='bbox 969 1280 1032 1330; x_wconf 95' lang='lat' dir='ltr'><strong>qui</strong></span> <span class='ocrx_word' id='word_1_119' title='bbox 1053 1293 1184 1317; x_wconf 86' lang='lat' dir='ltr'><strong>omnes</strong></span> <span class='ocrx_word' id='word_1_120' title='bbox 1203 1280 1285 1317; x_wconf 92' lang='lat' dir='ltr'><strong>fere</strong></span> <span class='ocrx_word' id='word_1_121' title='bbox 1315 1281 1358 1317; x_wconf 90' lang='lat' dir='ltr'><strong>iis</strong></span> <span class='ocrx_word' id='word_1_122' title='bbox 1385 1294 1453 1318; x_wconf 85' lang='lat' dir='ltr'><strong>no·</strong></span> 
     </span>
     <span class='ocr_line' id='line_1_19' title="bbox 301 1341 1453 1391; baseline -0.001 -10"><span class='ocrx_word' id='word_1_123' title='bbox 301 1344 470 1381; x_wconf 84' lang='lat' dir='ltr'><strong>minibus</strong></span> <span class='ocrx_word' id='word_1_124' title='bbox 489 1343 687 1380; x_wconf 89' lang='lat' dir='ltr'><strong>civitatum</strong></span> <span class='ocrx_word' id='word_1_125' title='bbox 707 1341 963 1391; x_wconf 77' lang='lat' dir='ltr'><strong>appellantur,</strong></span> <span class='ocrx_word' id='word_1_126' title='bbox 999 1342 1136 1391; x_wconf 92' lang='lat' dir='ltr'><strong>quibus</strong></span> <span class='ocrx_word' id='word_1_127' title='bbox 1156 1341 1230 1379; x_wconf 90' lang='lat' dir='ltr'><strong>orti</strong></span> <span class='ocrx_word' id='word_1_128' title='bbox 1250 1355 1300 1378; x_wconf 89' lang='lat' dir='ltr'><strong>ex</strong></span> <span class='ocrx_word' id='word_1_129' title='bbox 1321 1342 1453 1380; x_wconf 86' lang='lat' dir='ltr'><strong>civita-</strong></span> 
     </span>
     <span class='ocr_line' id='line_1_20' title="bbox 300 1402 1453 1455; baseline -0.001 -13"><span class='ocrx_word' id='word_1_130' title='bbox 300 1405 405 1442; x_wconf 86' lang='lat' dir='ltr'><strong>tibus</strong></span> <span class='ocrx_word' id='word_1_131' title='bbox 425 1418 471 1442; x_wconf 89' lang='lat' dir='ltr'><strong>eo</strong></span> <span class='ocrx_word' id='word_1_132' title='bbox 491 1409 763 1455; x_wconf 88' lang='lat' dir='ltr'><strong>pervenerunt,</strong></span> <span class='ocrx_word' id='word_1_133' title='bbox 795 1408 834 1442; x_wconf 83' lang='lat' dir='ltr'><strong>et</strong></span> <span class='ocrx_word' id='word_1_134' title='bbox 854 1402 956 1439; x_wconf 89' lang='lat' dir='ltr'><strong>bello</strong></span> <span class='ocrx_word' id='word_1_135' title='bbox 975 1402 1081 1439; x_wconf 86' lang='lat' dir='ltr'><strong>illato</strong></span> <span class='ocrx_word' id='word_1_136' title='bbox 1101 1403 1152 1439; x_wconf 86' lang='lat' dir='ltr'><strong>ibi</strong></span> <span class='ocrx_word' id='word_1_137' title='bbox 1173 1411 1453 1449; x_wconf 87' lang='lat' dir='ltr'><strong>remanserunt,</strong></span> 
     </span>
     <span class='ocr_line' id='line_1_21' title="bbox 301 1463 1454 1516; baseline -0.002 -13"><span class='ocrx_word' id='word_1_138' title='bbox 301 1472 418 1516; x_wconf 88' lang='lat' dir='ltr'><strong>atque</strong></span> <span class='ocrx_word' id='word_1_139' title='bbox 438 1478 551 1515; x_wconf 86' lang='lat' dir='ltr'><strong>agros</strong></span> <span class='ocrx_word' id='word_1_140' title='bbox 572 1464 700 1501; x_wconf 87' lang='lat' dir='ltr'><strong>colere</strong></span> <span class='ocrx_word' id='word_1_141' title='bbox 721 1469 948 1513; x_wconf 89' lang='lat' dir='ltr'><strong>coeperunt.</strong></span> <span class='ocrx_word' id='word_1_142' title='bbox 1003 1463 1216 1500; x_wconf 87' lang='lat' dir='ltr'><strong>Hominum</strong></span> <span class='ocrx_word' id='word_1_143' title='bbox 1232 1471 1290 1501; x_wconf 88' lang='lat' dir='ltr'><strong>est</strong></span> <span class='ocrx_word' id='word_1_144' title='bbox 1306 1464 1454 1502; x_wconf 87' lang='lat' dir='ltr'><strong>infinita</strong></span> 
     </span>
     <span class='ocr_line' id='line_1_22' title="bbox 300 1523 1453 1574; baseline -0.001 -11"><span class='ocrx_word' id='word_1_145' title='bbox 300 1526 525 1572; x_wconf 90' lang='lat' dir='ltr'><strong>multitudo,</strong></span> <span class='ocrx_word' id='word_1_146' title='bbox 546 1524 855 1574; x_wconf 87' lang='lat' dir='ltr'><strong>creberrimaque</strong></span> <span class='ocrx_word' id='word_1_147' title='bbox 871 1523 1061 1569; x_wconf 89' lang='lat' dir='ltr'><strong>aedificia,</strong></span> <span class='ocrx_word' id='word_1_148' title='bbox 1082 1524 1162 1563; x_wconf 88' lang='lat' dir='ltr'><strong>fere</strong></span> <span class='ocrx_word' id='word_1_149' title='bbox 1182 1524 1341 1562; x_wconf 86' lang='lat' dir='ltr'><strong>Gallicis</strong></span> <span class='ocrx_word' id='word_1_150' title='bbox 1362 1538 1453 1563; x_wconf 90' lang='lat' dir='ltr'><strong>con-</strong></span> 
     </span>
     <span class='ocr_line' id='line_1_23' title="bbox 300 1586 1453 1637; baseline 0 -13"><span class='ocrx_word' id='word_1_151' title='bbox 300 1588 460 1630; x_wconf 86' lang='lat' dir='ltr'><strong>similia;</strong></span> <span class='ocrx_word' id='word_1_152' title='bbox 501 1599 686 1637; x_wconf 86' lang='lat' dir='ltr'><strong>pecorum</strong></span> <span class='ocrx_word' id='word_1_153' title='bbox 724 1597 885 1635; x_wconf 81' lang='lat' dir='ltr'><strong>magnus</strong></span> <span class='ocrx_word' id='word_1_154' title='bbox 923 1598 1118 1622; x_wconf 89' lang='lat' dir='ltr'><strong>numerus.</strong></span> <span class='ocrx_word' id='word_1_155' title='bbox 1174 1586 1347 1623; x_wconf 88' lang='lat' dir='ltr'><strong>Utuntur</strong></span> <span class='ocrx_word' id='word_1_156' title='bbox 1386 1594 1453 1624; x_wconf 89' lang='lat' dir='ltr'><strong>aut</strong></span> 
     </span>
     <span class='ocr_line' id='line_1_24' title="bbox 299 1646 1452 1696; baseline -0.003 -9"><span class='ocrx_word' id='word_1_157' title='bbox 299 1662 403 1694; x_wconf 85' lang='lat' dir='ltr'><strong>aere,</strong></span> <span class='ocrx_word' id='word_1_158' title='bbox 423 1655 489 1686; x_wconf 89' lang='lat' dir='ltr'><strong>aut</strong></span> <span class='ocrx_word' id='word_1_159' title='bbox 509 1648 620 1685; x_wconf 86' lang='lat' dir='ltr'><strong>taleis</strong></span> <span class='ocrx_word' id='word_1_160' title='bbox 639 1646 774 1683; x_wconf 89' lang='lat' dir='ltr'><strong>ferreis</strong></span> <span class='ocrx_word' id='word_1_161' title='bbox 794 1646 843 1682; x_wconf 83' lang='lat' dir='ltr'><strong>ad</strong></span> <span class='ocrx_word' id='word_1_162' title='bbox 863 1652 1011 1683; x_wconf 88' lang='lat' dir='ltr'><strong>certum</strong></span> <span class='ocrx_word' id='word_1_163' title='bbox 1041 1647 1191 1696; x_wconf 84' lang='lat' dir='ltr'><strong>pondus</strong></span> <span class='ocrx_word' id='word_1_164' title='bbox 1211 1648 1452 1693; x_wconf 85' lang='lat' dir='ltr'><strong>examinatis,</strong></span> 
     </span>
     <span class='ocr_line' id='line_1_25' title="bbox 299 1707 1452 1761; baseline -0.001 -15"><span class='ocrx_word' id='word_1_165' title='bbox 299 1723 370 1761; x_wconf 88' lang='lat' dir='ltr'><strong>pro</strong></span> <span class='ocrx_word' id='word_1_166' title='bbox 400 1722 569 1746; x_wconf 88' lang='lat' dir='ltr'><strong>nummo.</strong></span> <span class='ocrx_word' id='word_1_167' title='bbox 624 1707 807 1744; x_wconf 88' lang='lat' dir='ltr'><strong>Nascitur</strong></span> <span class='ocrx_word' id='word_1_168' title='bbox 827 1707 877 1743; x_wconf 92' lang='lat' dir='ltr'><strong>ibi</strong></span> <span class='ocrx_word' id='word_1_169' title='bbox 898 1707 1094 1757; x_wconf 88' lang='lat' dir='ltr'><strong>plumbum</strong></span> <span class='ocrx_word' id='word_1_170' title='bbox 1126 1708 1254 1745; x_wconf 86' lang='lat' dir='ltr'><strong>album</strong></span> <span class='ocrx_word' id='word_1_171' title='bbox 1276 1708 1311 1744; x_wconf 90' lang='lat' dir='ltr'><strong>in</strong></span> <span class='ocrx_word' id='word_1_172' title='bbox 1334 1709 1452 1746; x_wconf 91' lang='lat' dir='ltr'><strong>medi-</strong></span> 
     </span>
     <span class='ocr_line' id='line_1_26' title="bbox 299 1768 1451 1820; baseline 0 -12"><span class='ocrx_word' id='word_1_173' title='bbox 299 1770 489 1809; x_wconf 82' lang='lat' dir='ltr'><strong>terraneis</strong></span> <span class='ocrx_word' id='word_1_174' title='bbox 522 1769 759 1819; x_wconf 70' lang='lat' dir='ltr'><strong>regionibuS,</strong></span> <span class='ocrx_word' id='word_1_175' title='bbox 793 1768 830 1804; x_wconf 92' lang='lat' dir='ltr'><strong>in</strong></span> <span class='ocrx_word' id='word_1_176' title='bbox 861 1768 1061 1805; x_wconf 83' lang='lat' dir='ltr'><strong>maritimis</strong></span> <span class='ocrx_word' id='word_1_177' title='bbox 1090 1768 1254 1812; x_wconf 87' lang='lat' dir='ltr'><strong>ferrum;</strong></span> <span class='ocrx_word' id='word_1_178' title='bbox 1282 1770 1350 1806; x_wconf 77' lang='lat' dir='ltr'><strong>sed</strong></span> <span class='ocrx_word' id='word_1_179' title='bbox 1370 1771 1451 1820; x_wconf 88' lang='lat' dir='ltr'><strong>ejus</strong></span> 
     </span>
     <span class='ocr_line' id='line_1_27' title="bbox 300 1828 1451 1881; baseline -0.002 -12"><span class='ocrx_word' id='word_1_180' title='bbox 300 1832 444 1881; x_wconf 83' lang='lat' dir='ltr'><strong>exigua</strong></span> <span class='ocrx_word' id='word_1_181' title='bbox 472 1839 530 1868; x_wconf 88' lang='lat' dir='ltr'><strong>est</strong></span> <span class='ocrx_word' id='word_1_182' title='bbox 558 1830 691 1880; x_wconf 84' lang='lat' dir='ltr'><strong>copia:</strong></span> <span class='ocrx_word' id='word_1_183' title='bbox 721 1841 808 1866; x_wconf 90' lang='lat' dir='ltr'><strong>aere</strong></span> <span class='ocrx_word' id='word_1_184' title='bbox 830 1835 991 1864; x_wconf 84' lang='lat' dir='ltr'><strong>utuntur</strong></span> <span class='ocrx_word' id='word_1_185' title='bbox 1011 1828 1230 1878; x_wconf 87' lang='lat' dir='ltr'><strong>importato.</strong></span> <span class='ocrx_word' id='word_1_186' title='bbox 1285 1829 1451 1868; x_wconf 86' lang='lat' dir='ltr'><strong>Materia</strong></span> 
     </span>
     <span class='ocr_line' id='line_1_28' title="bbox 300 1889 1451 1942; baseline -0.001 -12"><span class='ocrx_word' id='word_1_187' title='bbox 300 1895 489 1942; x_wconf 89' lang='lat' dir='ltr'><strong>cujusque</strong></span> <span class='ocrx_word' id='word_1_188' title='bbox 508 1891 675 1941; x_wconf 80' lang='lat' dir='ltr'><strong>generis,</strong></span> <span class='ocrx_word' id='word_1_189' title='bbox 696 1897 738 1927; x_wconf 90' lang='lat' dir='ltr'><strong>ut</strong></span> <span class='ocrx_word' id='word_1_190' title='bbox 754 1890 791 1925; x_wconf 91' lang='lat' dir='ltr'><strong>in</strong></span> <span class='ocrx_word' id='word_1_191' title='bbox 808 1889 948 1934; x_wconf 82' lang='lat' dir='ltr'><strong>Gallia,</strong></span> <span class='ocrx_word' id='word_1_192' title='bbox 970 1896 1040 1935; x_wconf 84' lang='lat' dir='ltr'><strong>est,</strong></span> <span class='ocrx_word' id='word_1_193' title='bbox 1073 1896 1228 1939; x_wconf 67' lang='lat' dir='ltr'><strong>praeter</strong></span> <span class='ocrx_word' id='word_1_194' title='bbox 1246 1890 1375 1940; x_wconf 81' lang='lat' dir='ltr'><strong>fagum</strong></span> <span class='ocrx_word' id='word_1_195' title='bbox 1395 1899 1451 1929; x_wconf 88' lang='lat' dir='ltr'><strong>at-</strong></span> 
     </span>
     <span class='ocr_line' id='line_1_29' title="bbox 300 1950 1451 2005; baseline -0.001 -15"><span class='ocrx_word' id='word_1_196' title='bbox 300 1966 375 2005; x_wconf 89' lang='lat' dir='ltr'><strong>que</strong></span> <span class='ocrx_word' id='word_1_197' title='bbox 395 1954 574 1989; x_wconf 87' lang='lat' dir='ltr'><strong>abietem.</strong></span> <span class='ocrx_word' id='word_1_198' title='bbox 628 1952 837 2001; x_wconf 86' lang='lat' dir='ltr'><strong>Leporem,</strong></span> <span class='ocrx_word' id='word_1_199' title='bbox 852 1958 891 1987; x_wconf 83' lang='lat' dir='ltr'><strong>et</strong></span> <span class='ocrx_word' id='word_1_200' title='bbox 907 1950 1101 1999; x_wconf 73' lang='lat' dir='ltr'><strong>gallinam,</strong></span> <span class='ocrx_word' id='word_1_201' title='bbox 1122 1958 1161 1986; x_wconf 89' lang='lat' dir='ltr'><strong>et</strong></span> <span class='ocrx_word' id='word_1_202' title='bbox 1176 1964 1349 1988; x_wconf 84' lang='lat' dir='ltr'><strong>anserem</strong></span> <span class='ocrx_word' id='word_1_203' title='bbox 1363 1965 1451 2001; x_wconf 77' lang='lat' dir='ltr'><strong>gus-</strong></span> 
     </span>
     <span class='ocr_line' id='line_1_30' title="bbox 299 2010 1451 2062; baseline -0.002 -12"><span class='ocrx_word' id='word_1_204' title='bbox 299 2021 395 2059; x_wconf 83' lang='lat' dir='ltr'><strong>tare,</strong></span> <span class='ocrx_word' id='word_1_205' title='bbox 426 2013 482 2050; x_wconf 86' lang='lat' dir='ltr'><strong>fas</strong></span> <span class='ocrx_word' id='word_1_206' title='bbox 502 2026 576 2050; x_wconf 88' lang='lat' dir='ltr'><strong>non</strong></span> <span class='ocrx_word' id='word_1_207' title='bbox 598 2019 734 2062; x_wconf 84' lang='lat' dir='ltr'><strong>putant</strong></span> <span class='ocrx_word' id='word_1_208' title='bbox 752 2025 760 2047; x_wconf 88' lang='lat'>:</span> <span class='ocrx_word' id='word_1_209' title='bbox 790 2011 886 2048; x_wconf 83' lang='lat' dir='ltr'><strong>haec</strong></span> <span class='ocrx_word' id='word_1_210' title='bbox 907 2018 1035 2047; x_wconf 82' lang='lat' dir='ltr'><strong>tamen</strong></span> <span class='ocrx_word' id='word_1_211' title='bbox 1056 2010 1164 2046; x_wconf 87' lang='lat' dir='ltr'><strong>alunt</strong></span> <span class='ocrx_word' id='word_1_212' title='bbox 1184 2011 1297 2047; x_wconf 89' lang='lat' dir='ltr'><strong>animi</strong></span> <span class='ocrx_word' id='word_1_213' title='bbox 1317 2011 1451 2062; x_wconf 89' lang='lat' dir='ltr'><strong>volup·</strong></span> 
     </span>
     <span class='ocr_line' id='line_1_31' title="bbox 298 2072 1450 2125; baseline -0.003 -13"><span class='ocrx_word' id='word_1_214' title='bbox 298 2075 465 2125; x_wconf 86' lang='lat' dir='ltr'><strong>tatisque</strong></span> <span class='ocrx_word' id='word_1_215' title='bbox 495 2086 640 2111; x_wconf 81' lang='lat' dir='ltr'><strong>caussa.</strong></span> <span class='ocrx_word' id='word_1_216' title='bbox 695 2072 804 2109; x_wconf 83' lang='lat' dir='ltr'><strong>Loca</strong></span> <span class='ocrx_word' id='word_1_217' title='bbox 835 2080 924 2109; x_wconf 82' lang='lat' dir='ltr'><strong>sunt</strong></span> <span class='ocrx_word' id='word_1_218' title='bbox 953 2072 1239 2122; x_wconf 84' lang='lat' dir='ltr'><strong>temperatiora,</strong></span> <span class='ocrx_word' id='word_1_219' title='bbox 1273 2085 1387 2122; x_wconf 88' lang='lat' dir='ltr'><strong>quam</strong></span> <span class='ocrx_word' id='word_1_220' title='bbox 1412 2073 1450 2109; x_wconf 89' lang='lat' dir='ltr'><strong>in</strong></span> 
     </span>
     <span class='ocr_line' id='line_1_32' title="bbox 301 2133 980 2182; baseline -0.006 -9"><span class='ocrx_word' id='word_1_221' title='bbox 301 2137 441 2181; x_wconf 88' lang='lat' dir='ltr'><strong>Gallia,</strong></span> <span class='ocrx_word' id='word_1_222' title='bbox 462 2135 740 2173; x_wconf 81' lang='lat' dir='ltr'><strong>remissioribus</strong></span> <span class='ocrx_word' id='word_1_223' title='bbox 760 2133 980 2182; x_wconf 81' lang='lat' dir='ltr'><strong>frigoribus.</strong></span> 
     </span>
    </p>

    <p class='ocr_par' dir='ltr' id='par_1_4' title="bbox 301 2195 1451 2306">
     <span class='ocr_line' id='line_1_33' title="bbox 351 2195 1451 2244; baseline -0.002 -10"><span class='ocrx_word' id='word_1_224' title='bbox 351 2197 463 2234; x_wconf 89' lang='lat' dir='ltr'>XIII.</span> <span class='ocrx_word' id='word_1_225' title='bbox 518 2197 648 2234; x_wconf 87' lang='lat' dir='ltr'><strong>Insula</strong></span> <span class='ocrx_word' id='word_1_226' title='bbox 668 2202 806 2232; x_wconf 83' lang='lat' dir='ltr'><strong>natura</strong></span> <span class='ocrx_word' id='word_1_227' title='bbox 825 2195 1024 2244; x_wconf 80' lang='lat' dir='ltr'><strong>triquetra,</strong></span> <span class='ocrx_word' id='word_1_228' title='bbox 1059 2197 1168 2244; x_wconf 86' lang='lat' dir='ltr'><strong>cujus</strong></span> <span class='ocrx_word' id='word_1_229' title='bbox 1201 2208 1319 2231; x_wconf 88' lang='lat' dir='ltr'><strong>unum</strong></span> <span class='ocrx_word' id='word_1_230' title='bbox 1351 2196 1451 2232; x_wconf 86' lang='lat' dir='ltr'><strong>latus</strong></span> 
     </span>
     <span class='ocr_line' id='line_1_34' title="bbox 301 2255 1450 2306; baseline -0.004 -9"><span class='ocrx_word' id='word_1_231' title='bbox 301 2267 357 2297; x_wconf 83' lang='lat' dir='ltr'><strong>cst</strong></span> <span class='ocrx_word' id='word_1_232' title='bbox 379 2266 514 2297; x_wconf 87' lang='lat' dir='ltr'><strong>contra</strong></span> <span class='ocrx_word' id='word_1_233' title='bbox 533 2257 711 2296; x_wconf 86' lang='lat' dir='ltr'><strong>Galliam.</strong></span> <span class='ocrx_word' id='word_1_234' title='bbox 767 2256 896 2305; x_wconf 89' lang='lat' dir='ltr'><strong>Hujus</strong></span> <span class='ocrx_word' id='word_1_235' title='bbox 916 2255 1049 2293; x_wconf 84' lang='lat' dir='ltr'><strong>lateris</strong></span> <span class='ocrx_word' id='word_1_236' title='bbox 1067 2256 1162 2293; x_wconf 86' lang='lat' dir='ltr'><strong>alter</strong></span> <span class='ocrx_word' id='word_1_237' title='bbox 1182 2257 1357 2306; x_wconf 85' lang='lat' dir='ltr'><strong>angulus,</strong></span> <span class='ocrx_word' id='word_1_238' title='bbox 1384 2257 1450 2306; x_wconf 80' lang='lat' dir='ltr'><strong>qui</strong></span> 
     </span>
    </p>
   </div>
  </div>
 </body>
</html>
