1556 2683
310 253 383 288 140
587 252 663 289 DE
704 252 884 291 BELLO
924 252 1168 292 GALLICO

303 353 546 400 minuendae,
568 368 701 393 caussa
715 356 796 394 fieri
814 357 1051 407 praedicant.
1071 365 1200 407 atque,
1221 354 1285 392 ubi
1301 355 1385 406 quis
1401 368 1450 394 ex

302 415 538 466 principibus
559 417 597 454 in
617 418 782 456 concilio
802 418 900 455 dixit
915 430 955 455 se
971 418 1110 455 ducem
1125 417 1221 463 fore,
1245 417 1323 459 Qui
1343 417 1453 468 sequi

301 476 433 523 velint,
454 477 706 528 profiteantur
723 495 731 523 ς
751 485 991 529 consurgunt
1010 479 1049 525 ii,
1076 479 1141 530 qui
1160 486 1200 516 et
1219 491 1391 517 caussam
1411 486 1452 516 et

301 538 496 576 hominem
516 540 694 589 probant,
713 553 901 590 suumque
920 540 1106 577 auxilium
1125 540 1373 590 pollicentur,
1394 547 1451 578 at-

301 612 376 650 que
408 600 455 637 ab
485 600 731 638 multitudine
766 601 1062 639 collaudantur:
1101 601 1166 652 qui
1185 614 1235 639 ex
1254 601 1298 638 iis
1326 602 1452 639 secuti

299 673 375 698 non
396 668 498 707 sunt,
531 661 570 698 in
600 662 840 700 desertorum
861 676 906 700 ac
925 663 1162 713 proditorum
1192 675 1354 700 numero
1379 663 1450 700 du-

299 729 464 766 cuntur3
485 723 732 774 omniumque
751 724 796 760 iis
816 737 943 762 rerum
964 731 1098 775 postea
1117 724 1211 761 fides
1231 724 1451 773 derogatur.

299 784 488 835 Hospites
503 785 645 822 violare
664 785 721 822 fas
737 798 812 822 non
833 792 993 836 putant:
1014 785 1079 836 qui
1099 798 1250 836 quaque
1270 785 1319 822 de
1339 797 1450 822 caus-

299 859 341 883 sa
359 846 407 883 ad
427 858 489 884 eas
508 847 698 891 venerint,
731 847 778 883 ab
798 846 938 897 injuria
955 846 1176 898 prohibent,
1215 852 1448 897 sanctosque

299 908 466 945 habent:
508 907 553 945 iis
572 907 742 946 omnium
774 908 909 946 domus
942 915 1090 959 patent,
1119 908 1322 958 victusque
1343 920 1448 945 com-

296 969 528 1008 municatur.

350 1031 498 1068 XXIV.
553 1031 616 1069 Ac
645 1031 719 1069 fuit
743 1038 857 1069 antea
884 1038 1050 1082 tempus,
1083 1043 1201 1081 quum
1230 1029 1448 1067 Germanos

296 1091 400 1129 Galli
419 1092 561 1130 virtute
580 1100 821 1143 superarent,
849 1092 951 1130 ultro
981 1091 1082 1129 bella
1101 1091 1302 1137 inferrent,
1332 1103 1449 1142 prop-

296 1160 356 1190 ter
383 1153 582 1191 hominum
614 1154 915 1200 multitudinem,
943 1153 1103 1204 agrique
1134 1152 1315 1203 inopiam,
1346 1159 1450 1189 trans

295 1214 477 1252 Rhenum
498 1215 667 1252 colonias
693 1215 904 1253 mitterent.
959 1215 1096 1265 Itaque
1124 1226 1182 1259 ea,
1211 1226 1310 1264 quae
1339 1212 1446 1250 ferti-

297 1276 440 1313 lissima
467 1284 569 1321 sunt,
603 1276 836 1314 Germaniae
855 1277 941 1314 loca
961 1276 1106 1314 circum
1127 1274 1366 1326 Hercyniam
1386 1274 1450 1312 sil-

295 1350 381 1374 vam
407 1337 420 1388 (
429 1350 542 1387 quam
564 1337 810 1375 Eratostheni
842 1345 881 1374 et
910 1337 1137 1387 quibusdam
1165 1335 1327 1373 Graecis
1347 1335 1450 1374 fama

294 1405 429 1435 notum
464 1410 547 1435 esse
578 1397 706 1443 video,
739 1411 853 1448 quam
883 1397 938 1434 illi
972 1397 1181 1448 Orcyniam
1212 1396 1445 1449 appellant,)

294 1457 442 1496 Volcae
468 1459 705 1508 Tectosages
724 1465 1028 1509 occupaverunt,
1055 1464 1171 1508 atque
1190 1458 1242 1494 ibi
1262 1457 1450 1495 consede-

293 1527 396 1558 runt.
444 1521 554 1562 Quae
573 1532 669 1570 gens
689 1519 736 1557 ad
756 1520 832 1557 hoc
852 1527 1002 1571 tempus
1022 1519 1067 1557 iis
1087 1519 1242 1556 sedibus
1257 1532 1340 1556 sese
1356 1532 1450 1557 con-

294 1581 407 1627 tinet,
428 1593 692 1632 summamque
708 1581 826 1618 habet
840 1581 1015 1631 justitiae
1030 1587 1071 1618 et
1085 1580 1248 1618 bellicae
1266 1580 1389 1618 laudis
1408 1593 1451 1618 0—

293 1641 515 1692 pinionem:
544 1653 648 1679 nunc
675 1654 830 1692 quoque
850 1641 889 1678 in
916 1641 1053 1679 eadem
1086 1641 1230 1692 inopia,
1263 1647 1452 1692 egestate,

292 1703 494 1755 patientia,
522 1716 599 1754 qua
626 1703 827 1749 Germani,
855 1710 1096 1754 permanent,
1124 1703 1262 1740 eodem
1282 1703 1388 1741 victu
1407 1710 1448 1741 et

292 1763 400 1802 cultu
421 1764 592 1815 corporis
612 1771 786 1801 utuntur.
823 1763 945 1801 Gallis
965 1771 1095 1802 autem
1114 1764 1336 1815 provinciae
1356 1776 1447 1815 pro-

291 1825 499 1876 pinquitas,
520 1832 559 1862 et
578 1825 918 1863 transmarinarum
940 1838 1068 1863 rerum
1088 1825 1237 1871 notitia,
1257 1825 1379 1863 multa
1397 1825 1448 1864 ad

291 1887 443 1938 copiam
463 1894 578 1937 atque
600 1899 690 1924 usus
709 1886 883 1936 largitur.
930 1886 1133 1925 Paullatim
1154 1887 1365 1925 adsuefacti
1386 1900 1448 1925 su-

290 1949 432 1999 perari,
451 1948 657 1998 multisque
679 1947 771 1985 victi
787 1948 956 1999 proeliis,
976 1961 1025 1985 ne
1039 1961 1080 1986 se
1096 1948 1251 2000 quidem
1267 1948 1338 1999 ipsi
1359 1961 1448 1986 cum

290 2010 363 2047 illis
382 2009 524 2047 virtute
545 2017 784 2060 comparant.

343 2071 470 2108 XXV.
526 2070 656 2120 Hujus
689 2070 913 2122 Hercyniae
940 2071 1071 2118 silvae,
1105 2083 1204 2122 quae
1238 2084 1354 2122 supra
1381 2072 1447 2109 de-

290 2140 502 2170 monstrata
529 2139 600 2177 est,
629 2132 793 2170 latitudo
823 2144 869 2169 lx
890 2133 1038 2170 dierum
1067 2133 1140 2171 iter
1168 2134 1353 2184 expedito
1379 2147 1447 2184 pa-

290 2202 369 2233 tet:
402 2207 478 2231 non
512 2193 615 2231 enim
643 2193 755 2231 aliter
787 2194 887 2231 finiri
919 2201 1061 2245 potest,
1090 2207 1216 2246 neque
1246 2208 1445 2233 mensuras

288 2256 467 2293 itinerum
496 2263 699 2293 noverunt.
753 2255 888 2294 Oritur
907 2257 955 2294 ab
984 2256 1268 2303 Helvetiorum,
1304 2264 1343 2295 et
1364 2257 1442 2295 Ne-

289 2324 451 2365 metum,
471 2323 510 2356 et
527 2317 791 2356 Rauracorum
807 2318 959 2364 finibus,
979 2325 1163 2370 rectaque
1178 2318 1345 2356 fluminis
1361 2319 1442 2357 Da-
