1556 2683
527 223 695 263 LIBER
744 224 815 263 1v.
1204 226 1258 270 79

101 329 191 368 bat:
220 329 358 381 quibus
383 330 436 367 ad
456 329 615 367 consilia
633 328 820 379 capienda
837 328 931 366 nihil
951 329 1063 380 spatii
1083 330 1254 370 dandum

101 391 359 428 existimabat.
414 391 487 428 His
521 390 739 428 constitutis
758 390 887 435 rebus,
916 397 956 427 et
974 391 1133 428 consilio
1163 405 1252 430 cum

102 452 240 502 legatis
255 460 294 489 et
312 460 514 503 quaestore
530 452 830 496 communicato,
846 464 894 488 ne
910 464 1024 502 quem
1040 452 1142 490 diem
1159 467 1257 505 pug-

101 526 173 551 nae
194 514 540 563 praetermitterem
560 512 882 563 opportunissima
902 525 961 549 res
975 513 1130 560 accidit,
1152 515 1256 565 quod

100 574 286 624 postridie
307 576 390 624 ejus
410 574 486 611 diei
501 586 628 619 mane,
647 573 782 610 eadem
803 579 842 610 et
861 572 1023 623 perfidia
1042 580 1080 610 et
1098 573 1257 612 simula-

100 635 206 673 tione
227 636 298 681 usi,
327 635 512 673 Germani
545 635 778 685 frequentes,
807 634 984 671 omnibus
1015 634 1255 685 principibus

101 698 385 747 majoribusque
416 704 507 734 natu
540 696 733 740 adhibitis,
760 695 808 732 ad
829 708 916 732 eum
936 695 974 732 in
995 704 1120 733 castra
1138 709 1256 734 vene-

102 765 215 801 runt;
239 758 365 803 simul,
386 764 428 794 ut
448 757 661 802 dicebatur,
681 757 739 794 sui
758 756 947 807 purgandi
968 769 1117 804 caussa,
1151 757 1258 808 quod

103 827 252 866 contra,
273 827 388 870 atque
407 826 509 856 esset
523 819 684 864 dictum,
704 826 744 855 et
759 818 831 868 ipsi
846 820 1046 868 petissent,
1064 820 1256 870 proelium

101 880 225 931 pridie
253 881 557 921 commisissent:
596 880 721 924 simul,
755 887 811 925 ut,
843 880 874 916 si
894 879 987 930 quid
1006 888 1177 931 possent,
1208 881 1257 919 de

103 942 267 980 induciis
287 942 456 979 fallendo
475 943 739 992 impetrarent.
793 942 900 983 Quos
920 942 991 979 sibi
1013 942 1156 979 Caesar
1184 943 1253 980 ob-

104 1002 202 1041 latos
222 1004 387 1053 gavisus,
419 1004 502 1041 illos
522 1003 678 1040 retineri
693 1003 833 1052 jussit:
871 1003 952 1053 ipse
972 1016 1106 1040 omnes
1126 1004 1256 1054 copias

104 1065 239 1102 castris
272 1065 407 1103 eduxit
424 1081 433 1108 ;
461 1064 767 1115 equitatumque,
799 1064 903 1114 quod
934 1065 1083 1101 receuti
1103 1066 1251 1115 proelio

102 1126 350 1176 perterritum
371 1138 453 1163 esse
473 1125 732 1171 existimabat,
752 1137 889 1175 agmen
907 1126 1088 1175 subsequi
1104 1127 1231 1175 jussit,

155 1186 263 1224 XIV.
320 1187 418 1225 Acie
438 1187 580 1237 triplici
600 1187 788 1232 instituta,
809 1194 848 1223 et
864 1187 1042 1224 celeriter
1059 1199 1121 1224 ux
1140 1188 1251 1225 milli-

105 1262 169 1287 um
191 1248 326 1287 itinere
346 1248 541 1295 consecto,
560 1248 665 1298 prius
676 1248 726 1284 ad
742 1248 908 1285 hostium
922 1255 1049 1286 castra
1063 1249 1256 1299 pervenit,

107 1323 235 1361 quam,
265 1310 359 1362 quid
377 1317 572 1360 ageretur,
606 1309 792 1346 Germani
810 1310 954 1347 sen-tite
978 1318 1147 1361 possent.
1176 1311 1260 1362 qui,-

106 1371 282 1409 omnibus
302 1372 415 1409 rebus
429 1371 556 1409 subito
570 1370 778 1421 perterriti,
798 1378 838 1408 et
854 1371 1053 1409 celeritate
1069 1372 1257 1410 adventus

103 1432 239 1479 nostri,
259 1440 299 1471 et
314 1433 485 1471 discessu
505 1446 676 1478 suorum,
695 1445 823 1484 neque
835 1433 988 1470 consilii
1002 1433 1170 1471 habendi
1187 1447 1258 1472 ne-

105 1507 180 1545 que
200 1506 305 1531 arma
324 1494 501 1545 capiendi
521 1494 644 1545 spatio
664 1495 769 1540 dato,
802 1494 1091 1545 perturbantur,
1111 1496 1259 1546 copias·-

103 1568 152 1592 ne
187 1555 369 1593 adversus
388 1556 538 1593 hostem
558 1555 739 1601 educere,
758 1568 808 1593 an
822 1563 949 1593 castra
967 1555 1191 1602 defendere,
1211 1569 1264 1594 air

99 1615 194 1667 fuga
212 1616 374 1654 salutem
392 1623 541 1667 petere,
557 1622 783 1666 praestaret.
821 1617 995 1658 Quorum
1011 1615 1126 1653 timor
1141 1629 1259 1666 quum

102 1677 263 1714 fremitu
281 1684 320 1715 et
338 1690 529 1715 concursu
545 1677 840 1728 significaretur,
859 1677 999 1715 milites
1014 1677 1148 1724 nostri,
1163 1678 1260 1728 pris-

103 1739 174 1777 tini
189 1739 265 1777 diei
279 1739 440 1790 perfidia
453 1739 616 1784 incitati,
638 1739 675 1776 in
690 1748 815 1777 castra
833 1739 1065 1790 irruperunt.
1093 1752 1260 1790 quorum·

108 1800 174 1852 qui
191 1801 369 1838 celeriter
384 1813 489 1838 arma
503 1813 641 1851 capere
655 1807 881 1851 potuerunt,
896 1800 1104 1850 paullisper
1119 1800 1260 1838 nostris

105 1862 347 1907 restiterunt,
380 1870 496 1913 atque
516 1862 616 1899 inter
631 1874 760 1899 carros
776 1862 1128 1912 impedimentaque
1146 1874 1259 1912 proe-

103 1924 198 1961 lium
227 1923 501 1962 commiserunt
517 1938 526 1960 :
566 1931 604 1961 at
635 1924 781 1974 reliqua
813 1922 1020 1960 multi-tudo
1050 1936 1261 1973 puerorum

105 1986 387 2036 mulierumque
412 1985 521 2037 (nam
541 1999 629 2022 cum
649 1985 825 2022 omnibus
844 1984 922 2021 suis
941 1984 1056 2021 domo
1080 1997 1259 2022 excesse-

106 2055 207 2094 rant,
239 2047 499 2098 Rhenumque
518 2047 769 2098 transierant)
793 2046 933 2097 passim
952 2045 1088 2095 fugere
1108 2046 1261 2096 coepit;

105 2109 154 2146 ad
187 2122 283 2159 quos
303 2109 585 2146 consectandos
605 2108 748 2146 Caesar
766 2107 981 2158 equitatum
999 2106 1116 2143 misit.

161 2170 246 2207 XV.
302 2169 502 2216 Germani,
518 2176 604 2220 post
623 2177 775 2219 tergum
795 2169 964 2206 clamore
979 2167 1127 2214 audito,
1144 2182 1266 2219 quum-

107 2243 196 2269 suos
217 2231 383 2269 interfici
404 2232 590 2277 viderent,
610 2231 724 2268 armis
742 2230 917 2281 abjectis,
949 2230 1146 2280 signisque
1164 2231 1262 2267 mili-

108 2292 252 2331 taribus
272 2293 431 2340 relictis,
469 2306 509 2331 se
529 2306 580 2331 ex
600 2293 734 2331 castris
753 2293 970 2342 ejecerunt,
1002 2298 1056 2337 et,
1076 2305 1193 2342 quum
1213 2291 1262 2329 ad

1538 642 1556 696 'li
