1556 2683
257 295 307 330 32
561 290 635 327 DE
673 289 851 327 BELLO
889 288 1132 326 GALLICO

251 393 361 431 Bello
380 400 576 444 superatos
592 406 674 430 esse
692 394 887 430 Arvernos
902 399 941 429 et
962 392 1135 429 Rutenos
1150 390 1197 427 ab
1214 391 1261 432 Q.
1281 389 1398 428 Fabio

250 453 443 500 Maximo,
473 455 609 504 quibus
632 455 796 505 populus
818 454 1014 490 Romanus
1034 452 1255 502 ignovisset,
1275 463 1401 500 neque

248 516 286 554 in
307 515 541 566 provinciam
561 515 785 564 redegisset,
805 526 929 563 neque
949 512 1182 564 stipendium
1202 512 1401 562 imposuis-

247 584 320 614 set.
357 577 470 618 Quod
490 576 520 613 si
540 576 843 625 antiquissimum
864 575 1044 625 quodque
1064 581 1214 624 tempus
1235 573 1401 624 spectari

250 643 461 687 oporteret,
494 636 625 687 populi
647 636 810 673 Romani
840 635 1091 685 justissimum
1112 647 1194 672 esse
1215 635 1252 671 in
1273 634 1402 671 Gallia

249 698 474 748 imperium:
514 697 544 734 si
570 697 757 747 judicium
778 698 932 733 senatus
966 695 1158 732 observari
1192 701 1401 745 oporteret,

247 758 407 796 liberam
422 759 563 795 debere
584 771 666 796 esse
688 757 721 794 G
727 757 866 803 alliam,
888 769 1014 807 quam,
1029 755 1131 793 bello
1149 755 1305 802 victam,
1325 755 1401 792 suis

247 819 398 869 legibus
428 820 485 856 uti
515 818 708 856 voluisset.

298 880 443 916 XLVI.
497 880 603 917 Dum
631 880 728 916 haec
748 879 789 915 in-
806 878 998 928 colloquio
1018 885 1219 928 geruntur,
1240 878 1399 915 Caesari

249 941 473 979 nunciatum
493 948 564 986 est,
585 941 734 990 equites
755 939 939 977 Ariovisti
955 939 1110 989 propius
1130 938 1318 976 tumulum
1333 951 1399 976 ac-

250 1001 404 1047 cedere,
434 1009 472 1039 et
491 1002 539 1039 ad
558 1008 709 1038 nostros
741 1000 986 1050 adequitare3
1024 1000 1169 1050 lapides
1189 999 1341 1049 telaque
1362 999 1400 1036 in

248 1070 398 1100 nostros
420 1063 626 1112 conjicere.
680 1062 821 1099 Caesar
850 1061 1030 1111 loquendi
1055 1061 1169 1098 finem
1189 1060 1306 1103 fecit3
1343 1073 1402 1098 se-

246 1135 322 1172 que
354 1122 401 1159 ad
420 1135 508 1159 suos
528 1122 699 1173 recepit;
722 1122 877 1172 suisque
897 1121 1108 1171 imperavit,
1129 1134 1178 1158 ne
1197 1121 1301 1171 quod
1321 1134 1401 1158 om-

246 1183 339 1220 nino
355 1183 473 1220 telum
490 1183 528 1219 in
543 1184 672 1220 hostes
687 1184 906 1232 rejicerent.
935 1195 1036 1228 nam,
1057 1181 1128 1220 etsi
1143 1181 1224 1218 sine
1240 1181 1318 1218 ullo
1334 1195 1402 1232 pe-

247 1244 369 1281 riculo
395 1243 558 1294 legionis
578 1244 751 1281 delectae
778 1257 866 1281 cuni
899 1243 1073 1294 equitatu
1103 1242 1289 1293 proelium
1320 1242 1403 1280 fore

247 1305 416 1352 videbat,
433 1313 561 1343 tamen
584 1305 902 1343 committendum
922 1318 998 1342 non
1018 1305 1191 1355 putabat,
1206 1311 1262 1349 ut,
1283 1303 1402 1354 pulsis

245 1365 434 1412 hostibus,
459 1366 535 1404 dici
554 1374 698 1418 posset,
718 1379 782 1404 eos
802 1367 848 1403 ab
869 1379 909 1403 se
927 1379 995 1417 per
1014 1365 1128 1403 fidem
1148 1365 1186 1401 in
1206 1365 1402 1415 colloquio

249 1427 545 1466 circumventos.
599 1428 853 1478 Posteaquam
873 1427 911 1464 in
926 1427 1063 1477 vulgus
1081 1426 1244 1463 militum
1259 1426 1402 1477 elatum

247 1496 320 1535 est,
342 1503 416 1540 qua
435 1489 652 1540 arrogantia
671 1489 709 1525 in
726 1488 918 1539 colloquio
938 1487 1155 1525 Ariovistus
1175 1500 1278 1532 usus,
1299 1487 1403 1524 omni

251 1550 380 1589 Gallia
400 1550 582 1588 Romanis
603 1550 878 1596 interdixisset,
911 1550 1175 1600 impetumque
1195 1549 1233 1585 in
1252 1556 1402 1586 nostros

248 1614 330 1662 ejus
366 1612 514 1663 equites
534 1611 729 1657 fecissent,
767 1622 889 1661 eaque
909 1622 969 1647 res
989 1609 1222 1659 colloquium
1241 1616 1284 1646 ut
1303 1608 1402 1645 dire·

247 1673 402 1717 misset;
433 1673 554 1710 multo
578 1674 700 1722 major
719 1672 909 1718 alacritas,
930 1670 1175 1720 studiumque
1203 1669 1402 1720 pugnandi

248 1736 372 1783 majus
392 1734 568 1771 exercitu
588 1734 773 1784 injectum
793 1740 862 1770 est.

300 1794 465 1832 XLVII.
520 1794 645 1831 Biduo
665 1802 751 1844 post
772 1793 988 1831 Ariovistus
1007 1794 1055 1831 ad
1075 1793 1278 1830 Caesarem
1297 1793 1402 1842 lega·

249 1863 308 1893 tos
327 1856 458 1902 mittit,
497 1856 595 1892 velle
615 1869 654 1893 se
675 1856 722 1892 de
752 1855 811 1892 his
843 1856 969 1900 rebus,
1004 1867 1101 1905 quae
1129 1854 1229 1891 inter
1248 1867 1313 1891 eos
1339 1854 1402 1903 agi

249 1924 411 1967 coeptae
426 1929 551 1967 neque
570 1917 766 1967 perfectae
782 1923 921 1961 essent,
941 1928 1056 1966 agere
1071 1928 1158 1952 cum
1179 1928 1242 1952 eo:
1264 1914 1319 1950 uti
1335 1922 1402 1951 aut

248 1979 387 2015 iterum
408 1977 601 2028 colloquio
622 1978 723 2014 diem
744 1977 1020 2020 constitueret;
1057 1984 1136 2021 aut,
1166 1976 1197 2013 si
1217 1975 1255 2012 id
1274 1975 1400 2012 minus

248 2042 378 2089 vellet,
397 2056 446 2080 ex
465 2043 542 2079 suis
562 2042 698 2092 legatis
718 2041 882 2092 aliquem
901 2040 949 2077 ad
969 2053 1009 2077 se
1036 2040 1217 2077 mitteret.
1273 2039 1401 2077 Collo«

244 2102 392 2154 ‘quendi
412 2103 570 2141 Caesari
590 2115 724 2140 caussa
742 2103 821 2140 visa
836 2115 911 2139 non
928 2110 1000 2147 est,
1021 2109 1059 2139 et
1078 2114 1123 2139 eo
1143 2101 1276 2151 magis,
1298 2102 1402 2151 quod

249 2165 373 2214 pridie
403 2167 486 2215 ejus
505 2164 581 2201 diei
603 2163 788 2201 Germani
807 2163 962 2201 retineri
983 2176 1059 2200 non
1080 2168 1270 2213 poterant,
1309 2161 1401 2212 quin

249 2224 287 2261 in
322 2233 472 2262 nostros
502 2225 578 2262 tela
608 2226 857 2274 conjicerent.
912 2224 1102 2274 Legatum
1134 2236 1182 2260 ex
1211 2222 1287 2260 suis
1318 2234 1402 2260 sese

249 2297 390 2335 magno
411 2299 499 2322 cum
519 2286 689 2336 periculo
709 2286 758 2323 ad
777 2298 864 2323 eum
884 2286 1100 2330 missurum,
1129 2292 1169 2321 et
1187 2283 1403 2321 hominibus

248 2344 342 2383 seris
361 2347 619 2396 objecturum,-
637 2347 895 2386 existimabat.
950 2345 1309 2385 Commodissimum
1327 2344 1446 2382 vis-0*
