1556 2683
517 244 683 281 LIBER
736 243 810 282 111.
1196 248 1246 284 63

103 356 211 387 tuum
248 354 596 399 tempestatumque
628 346 951 385 accommodatae.
989 358 1104 384 naves
1141 354 1247 385 totae

102 411 227 448 factae
246 422 295 447 ex
308 410 458 455 robore,
477 408 526 446 ad
545 409 716 460 quamvis
729 409 803 445 vim
815 415 854 444 et
869 407 1139 446 contumeliam
1157 421 1246 459 per-

102 470 311 509 ferendam.
347 478 511 507 transtra
529 470 728 520 pedalibus
747 470 784 506 in
803 469 1045 506 latitudinem
1075 469 1244 506 trabibus

105 531 257 570 confixa
276 531 391 568 clavis
410 530 556 577 ferreis,
577 531 685 580 digiti
715 530 864 581 pollicis
889 529 1159 573 crassitudine;
1178 542 1246 566 an-

103 593 258 637 chorae,
278 605 346 642 pro
366 592 532 638 funibus,
559 592 692 628 ferreis
712 591 856 629 catenis
875 591 1092 632 revinctae3
1124 589 1246 640 pelles

102 666 173 704 pro
193 653 298 698 velis,
330 652 533 703 alutaeque
564 652 731 690 tenuiter
750 652 965 696 confectae,
994 651 1073 688 sive
1092 660 1250 702 propter

102 713 168 751 lini
182 713 362 764 inopiam,
381 721 496 763 atque
510 714 592 763 ejus
605 725 694 750 usus
707 711 959 757 inscientiam,
975 711 1053 748 sive
1068 725 1129 757 eo,
1143 712 1248 762 quod

103 782 162 812 est
189 774 310 825 magis
329 774 548 819 verisimile,
579 774 682 824 quod
701 781 824 811 tantas
843 780 1094 823 tempestates
1113 773 1248 810 oceani

104 843 306 886 tantosque
322 835 486 886 impetus
506 843 705 872 ventorum
721 834 913 879 sustineri,
939 847 984 871 ac
997 832 1110 871 vtanta
1129 847 1249 871 onera

104 897 257 934 navium
278 897 357 946 regi
378 897 470 934 velis
500 910 576 933 non
597 896 686 933 satis
711 895 926 941 commode,
955 895 1250 933 arbitrabantur.

104 958 202 996 Cum
233 958 291 995 his
311 958 468 995 navibus
498 966 650 995 nostrae
680 957 790 994 classi
809 957 996 1006 ejusmodi
1016 970 1246 1006 congressus

105 1028 200 1065 erat,
233 1027 273 1056 ut
294 1032 370 1057 una
388 1019 586 1057 celeritate
611 1029 651 1056 et
670 1018 781 1069 pulsu
799 1030 991 1055 remorum
1019 1025 1250 1068 praestaret;

105 1081 265 1131 reliqua,
296 1080 460 1131 provloci
479 1088 628 1125 natura,
648 1079 716 1130 pro
735 1079 770 1116 vi
789 1086 1078 1129 tempestatum,
1099 1079 1172 1116 illis
1191 1092 1250 1116 es-

106 1150 192 1180 sent
210 1143 360 1192 aptiora
379 1149 418 1179 et
432 1141 798 1179 accommodatiora:
818 1152 944 1190 neque
965 1140 1066 1176 enim
1087 1140 1144 1176 his
1163 1153 1251 1177 nos·

105 1210 187 1241 trae
218 1210 342 1240 rostro
370 1216 512 1240 nocere
530 1209 734 1253 poterant;
769 1208 877 1239 tanta
894 1201 932 1237 in
952 1200 1007 1238 eis
1027 1208 1109 1238 erat
1132 1201 1250 1238 firmi—

105 1264 200 1301 tudo
216 1279 224 1301 :
245 1277 370 1315 neque
390 1273 549 1314 propter
567 1263 808 1300 altitudinem
827 1261 940 1300 facile
959 1262 1079 1299 telum
1093 1262 1252 1312 adjicie-

104 1326 240 1370 batur-3
270 1333 310 1363 et
329 1325 463 1363 eadem
483 1325 531 1362 de
551 1337 685 1362 caussa
702 1323 826 1361 minus
852 1323 1054 1361 commode
1082 1323 1252 1374 scopulis

106 1387 414 1426 continebantur.
469 1386 698 1423 Accedebat
726 1392 781 1429 ut,
811 1397 929 1435 quum
948 1384 1094 1421 saevire
1112 1391 1251 1421 ventus

106 1449 311 1500 coepisset,
330 1455 369 1485 et
394 1461 434 1485 se
459 1455 574 1485 vento
594 1447 801 1491 dedissent,
827 1453 868 1483 et
886 1452 1157 1496 tempestatem
1174 1444 1251 1482 fer·

108 1517 194 1547 rent
212 1510 376 1555 facilius,
409 1517 447 1547 et
465 1508 504 1545 in
532 1508 638 1545 vadis
669 1507 923 1544 consisterent
955 1506 1089 1551 tutius,
1119 1514 1172 1552 et,
1204 1507 1253 1543 ab

108 1579 217 1609 aestu
236 1571 458 1615 derelictae,
491 1568 584 1607 nihil
604 1581 696 1605 saxa
720 1575 759 1605 et
778 1574 912 1604 cautes
930 1568 1128 1604 timerent:
1160 1580 1252 1618 qua-

106 1646 190 1670 rum
210 1646 337 1670 rerum
356 1631 526 1669 omnium
556 1629 694 1667 nostris
714 1629 874 1666 navibus
893 1641 1005 1665 casus
1024 1635 1135 1665 erant
1154 1629 1253 1666 exti-

107 1693 314 1731 mescendi.

159 1753 265 1790 XIV.
320 1752 592 1804 Compluribus
624 1751 855 1802 expugnatis
887 1751 1052 1802 oppidis,
1098 1752 1253 1799 Caesar,

107 1815 173 1852 ubi
201 1814 406 1859 intellexit,
438 1814 579 1851 frustra
607 1821 757 1850 tantum
785 1814 955 1851 laborem
983 1813 1094 1859 sumi,
1126 1827 1252 1864 neque

107 1876 274 1914 hostium
292 1876 424 1927 fugam
454 1876 575 1926 captis
595 1875 746 1926 oppidis
774 1874 942 1925 reprimi,
963 1888 1089 1925 neque
1109 1875 1167 1912 his
1186 1888 1256 1912 no-

109 1938 187 1976 ceri
205 1951 331 1989 posse,
355 1937 487 1974 statuit
506 1936 807 1987 exspectandam
833 1937 1006 1974 classem.
1059 1937 1169 1978 Quae
1189 1937 1255 1974 ubi

109 2000 303 2045 convenit,
319 2012 363 2037 ac
376 1999 539 2050 primum
555 1998 602 2035 ab
619 1997 791 2035 hostibus
802 1997 883 2035 visa
895 2005 967 2044 est,
980 1998 1135 2036 circiter
1150 2010 1255 2035 ccxx

110 2074 224 2099 naves
244 2074 377 2099 eorum
395 2058 674 2110 paratissimae,
703 2067 819 2109 atque
838 2058 940 2096 omni
960 2072 1102 2109 genere
1131 2072 1254 2096 armo-

111 2135 194 2159 rum
214 2121 490 2167 ornatissimae,
517 2120 716 2171 profectae
736 2133 786 2156 ex
805 2127 936 2170 portu,
965 2120 1104 2157 nostris
1123 2120 1256 2158 adver-

110 2196 173 2220 sae
193 2183 474 2225 constiterunt;
505 2194 631 2232 neque
651 2181 742 2219 satis
761 2181 898 2227 Bruto,
931 2182 995 2232 qui
1016 2182 1126 2219 classi
1145 2194 1256 2232 prae·

111 2252 206 2289 erat,
238 2245 296 2282 vel
330 2244 492 2282 tribunis
512 2243 674 2281 militum
706 2243 1087 2294 centurionibusque,
1121 2243 1257 2293 quibus

112 2305 283 2356 singulae
308 2318 422 2343 naves
453 2312 535 2343 erat
554 2305 774 2351 attributae,
806 2306 1022 2352 constabat,
1056 2305 1148 2356 quid
1166 2318 1257 2356 age-
