1556 2683
278 231 350 268 152
606 227 681 265 DE
719 223 898 264 BELLO
938 216 1183 264 GALLICO

272 332 395 370 noscit
425 331 472 369 de
493 331 617 369 Clodii
637 332 779 370 caede:
813 331 860 367 de
880 336 1110 380 senatusque
1140 326 1316 366 consulto
1337 330 1425 365 οόν-ι’

271 391 347 429 flor
365 390 503 436 faetus,
538 398 579 428 ut
599 404 731 427 omnes
746 390 919 440 juniores
945 389 1128 438 [Italiae]
1159 390 1425 438 conjurarent,-

272 452 457 489 dilectum
479 458 559 488 tota
578 451 774 501 provincia
795 451 935 488 habere
955 449 1132 487 instituit.
1188 449 1268 486 Eae
1299 461 1359 486 res
1380 449 1418 485 in

272 512 437 549 Galliam
476 512 766 562 Transalpinam
804 511 980 549 celeriter
1012 510 1268 561 perferuntur.
1338 509 1424 546 Ad-v

272 572 369 610 dunt
388 571 456 622 ipsi
477 579 517 608 et
542 571 728 621 affingunt
747 571 963 608 rumoribus
983 571 1099 616 Galli,
1133 571 1235 620 quod
1257 583 1316 607 res
1335 581 1422 620 pos-

274 645 362 670 cere
382 632 607 675 videbatur3
640 631 795 669 retineri
816 632 960 669 urbano
979 638 1087 669 motu
1108 631 1326 676 Caesarem,
1358 643 1424 667 ne-

274 707 349 744 que
370 694 406 731 in
427 693 543 731 tantis
562 692 861 730 dissensionibus
881 693 929 730 ad
948 692 1163 730 exercitum
1182 691 1312 728 venire
1332 703 1420 741 pos-

272 768 326 792 se.
382 755 470 793 Hac
500 755 650 805 impulsi
684 754 899 800 occasione,
934 754 999 804 qui
1023 755 1099 802 jam
1121 759 1211 790 ante
1230 765 1270 790 se
1289 752 1423 803 populi

272 816 438 854 Romani
454 816 613 866 imperio
629 817 824 866 subjectos
840 815 1031 859 dolerent,
1050 814 1206 851 liberius
1222 820 1338 864 atque
1357 825 1424 849 au-

273 877 406 914 dacius
425 877 473 914 de
492 878 594 914 bello
614 877 772 915 consilia
790 876 887 913 inire
905 875 1106 926 incipiunt.
1144 874 1305 911 Indictis
1325 873 1425 910 inter

272 950 313 975 se
331 938 524 988 principes
552 938 702 975 Galliae
730 937 918 984 conciliis,
946 936 1181 973 silvestribus
1201 947 1246 972 ac
1266 934 1425 971 remotis

271 999 381 1045 locis,
414 1006 627 1050 queruntur
646 999 694 1036 de
722 998 893 1036 Acconis
923 1004 1070 1034 morte:
1103 996 1206 1033 hunc
1227 1008 1356 1033 casum
1377 994 1427 1032 ad

271 1060 374 1111 ipsos
404 1061 577 1098 recidere
603 1074 714 1112 posse
743 1061 1030 1103 demonstrant3
1062 1058 1291 1095 miserantur
1319 1070 1427 1094 com-

271 1134 427 1159 munem
455 1121 604 1159 Galliae
632 1122 847 1159 fortunam:
882 1120 1057 1157 omnibus
1083 1117 1426 1169 pollicitationibus

271 1196 318 1221 ac
346 1183 523 1234 praemiis
555 1184 785 1234 deposcunt,
819 1182 883 1232 qui
902 1181 992 1218 belli
1013 1180 1163 1217 initium
1193 1179 1350 1225 faciant,
1383 1186 1424 1216 et

273 1246 331 1282 sui
351 1245 488 1295 capitis
520 1244 693 1296 periculo
714 1244 880 1281 Galliam
910 1244 948 1279 in
966 1242 1184 1278 libertatem
1214 1240 1426 1277 vindicent.

273 1305 368 1356 Ejus
387 1307 424 1342 in
439 1306 570 1355 primis
589 1306 776 1342 rationem
792 1304 1009 1341 habendam
1023 1303 1172 1347 dicunt,
1192 1301 1297 1352 prius
1313 1313 1426 1351 quam

272 1380 404 1405 eorum
438 1366 677 1404 clandestina
696 1366 853 1404 consilia
885 1365 1105 1410 efferantur,
1132 1371 1174 1401 ut
1200 1363 1342 1400 Caesar
1373 1362 1422 1399 ab

270 1428 446 1465 exercitu
466 1427 768 1466 intercludatur:
788 1427 827 1464 id
846 1439 929 1464 esse
947 1425 1076 1471 facile,
1097 1424 1200 1475 quod
1219 1437 1345 1474 neque
1365 1423 1423 1461 le-

271 1490 422 1540 giones,
438 1491 595 1527 absente
612 1489 858 1540 imperatore,
878 1487 1045 1525 audeant
1059 1499 1108 1523 ex
1130 1485 1299 1522 hibernis
1314 1498 1427 1535 egre-

272 1552 332 1594 di;
352 1564 476 1602 neque
498 1552 704 1602 imperator
723 1550 805 1587 sine
824 1548 1014 1600 praesidio
1035 1547 1083 1585 ad
1098 1547 1270 1597 legiones
1289 1559 1426 1597 perve-

272 1613 354 1650 nire
369 1613 506 1664 possit:
527 1620 736 1664 postremo,
752 1610 790 1647 in
806 1610 888 1648 acie
904 1616 1099 1661 praestare
1116 1608 1293 1654 interfici,
1311 1620 1425 1658 quam

272 1688 349 1712 non
368 1682 537 1712 veterem
558 1674 647 1711 belli
667 1673 826 1724 gloriam
842 1672 1150 1721 libertatemque,
1171 1682 1288 1720 quam
1304 1681 1326 1706 a
1344 1682 1423 1706 ma-

268 1736 416 1787 joribus
435 1736 673 1787 acceperint,
694 1745 935 1784 recuperare.

324 1797 377 1833 11.
432 1796 505 1834 His
521 1798 634 1834 rebus
650 1795 817 1846 agitati&
834 1793 1064 1845 profitentur
1080 1794 1270 1831 Carnutes
1288 1805 1327 1830 se
1344 1793 1428 1831 nul-

271 1858 350 1896 lum
365 1858 577 1909 periculum
595 1856 808 1895 communis
821 1855 953 1893 salutis
968 1867 1101 1893 caussa
1113 1867 1305 1898 recusare,
1322 1855 1427 1905 prin-

273 1920 457 1970 cipesque
477 1932 526 1956 ex
547 1919 722 1956 omnibus
738 1917 881 1955 bellum
900 1916 1072 1953 facturos
1092 1916 1341 1966 pollicentur3
1371 1922 1433 1961 et,-

273 1981 453 2032 quoniam
473 1981 510 2017 in
537 1979 753 2031 praesentia
773 1977 969 2016 obsidibus
996 1977 1095 2014 inter
1115 1990 1155 2014 se
1184 1989 1321 2014 cavere
1348 1989 1427 2014 nou

272 2042 433 2093 possint,
452 2055 501 2079 ne
521 2055 580 2079 res
601 2041 792 2086 efferatur,
824 2047 865 2076 ut
881 2039 1134 2089 jurejurando
1167 2051 1212 2075 ac
1242 2037 1319 2075 fide
1338 2050 1426 2075 san-

272 2103 397 2139 ciatur
415 2109 566 2152 petunt,
599 2102 746 2139 collatis
779 2100 1006 2137 militaribus
1025 2099 1157 2149 signis,
1193 2098 1290 2149 (quo
1316 2111 1423 2136 more

272 2178 404 2201 eorum
420 2163 663 2214 gravissimae
684 2162 927 2200 ceremoniae
943 2159 1211 2212 continentur)
1236 2173 1298 2206 ne,
1318 2159 1424 2197 facto

274 2225 381 2263 initio
400 2224 504 2271 belli,
525 2226 571 2262 ab
592 2224 745 2274 reliquis
766 2224 1003 2261 deserantur.
1058 2222 1171 2269 Tum,
1199 2220 1424 2260 collaudaris
