1556 2683
556 252 721 290 LIBER
773 252 822 289 V.
1190 259 1261 295 109

117 355 278 394 eductos
297 368 346 393 ex
365 355 548 401 hibernis,
566 355 707 392 milites
726 364 792 393 aut
810 355 860 394 ad
880 355 1107 394 Ciceronem
1121 364 1193 395 aut
1210 359 1261 396 ad

113 415 329 456 Labienum
350 416 557 462 deducere,
574 429 734 467 quorum
751 417 847 455 alter
862 417 978 454 millia
993 430 1171 468 passuum
1187 419 1261 456 cir-

112 478 213 515 ‘citer
239 489 277 522 L,
309 479 406 516 alter
425 478 551 529 paullo
584 478 745 528 amplius
763 479 810 515 ab
839 478 898 515 his
925 479 1036 516 absit.
1090 479 1190 517 Illud
1218 493 1260 518 se

108 538 304 589 polliceri,
323 546 363 576 et
377 539 628 589 jurejurando
655 539 894 584 confirmare,
931 546 1057 577 tutu-m
1092 541 1164 578 iter
1191 553 1262 591 per

113 599 210 637 fines
229 612 316 638 suos
336 600 512 637 daturum
530 613 539 636 ε
559 600 661 649 quod
678 613 793 650 quum
810 599 939 646 faciat,
954 608 994 637 et
1013 600 1157 638 civitati
1178 613 1261 638 sese

114 661 329 706 consulere,
359 660 463 711 quod
482 660 651 697 hibernis
670 660 831 705 levetur,
863 667 903 697 et
930 660 1085 698 Caesari
1117 673 1187 710 pro
1219 673 1262 697 e-

108 723 173 771 jus
202 722 347 759 meritis
382 721 544 771 gratiam
581 720 737 758 referre.
792 721 881 759 Hac
912 721 1086 759 oratione
1116 721 1262 766 habita,

117 782 283 820 discedit
300 782 514 819 Ambiorix.

165 842 354 880 XXVIII.
410 842 619 893 Arpineius
639 849 678 880 et
695 843 720 881 J
725 842 848 888 unius,
864 855 966 893 -quae
986 843 1191 888 audierint,
1211 841 1261 883 ad

102 906 259 956 vlegatos
278 904 470 942 deferunt.
523 903 598 949 llli,
627 904 828 954 repentina
859 916 900 941 re
926 903 1155 954 perturbati,
1186 903 1260 942 etsi

112 967 162 1004 ab
183 967 294 1004 hoste
312 978 358 1003 ea
377 965 620 1010 dicebantur,
650 978 726 1002 non
747 972 874 1002 tamen
896 963 1128 1014 negligenda
1160 964 1262 1002 exis-

110 1028 322 1069 timabant;
348 1026 592 1076 maximeque
613 1025 685 1063 hac
717 1038 757 1063 re
778 1025 1120 1076 'permovebantun
1141 1025 1259 1075 quod,

102 1089 307 1126 >civitatem
340 1087 550 1137 ignobilem
580 1094 696 1137 atque
728 1087 911 1124 humilem
932 1086 1157 1124 Eburonum
1191 1100 1262 1127 sua

105 1156 246 1200 sponte
263 1148 410 1199 populo
431 1148 607 1185 Romano
626 1148 767 1185 bellum
788 1147 916 1186 facere
935 1160 1080 1192 ausam,
1101 1147 1164 1184 vix
1176 1154 1263 1187 erat

100 1209 359 1247 credendum.
399 1209 535 1259 Itaque
555 1209 605 1246 ad
620 1209 820 1246 consilium
834 1222 914 1247 rem
935 1208 1136 1251 deferunt3
1155 1221 1262 1258 mag-

113 1283 238 1322 naque
259 1271 359 1307 inter
378 1282 444 1307 eos
459 1270 590 1307 existit
609 1269 882 1307 controversia.
923 1269 971 1307 L.
989 1270 1262 1317 Arunculeius‚

114 1332 408 1383 compluresque
435 1331 578 1368 tribuni
598 1331 776 1377 militum,
797 1338 835 1368 et
853 1331 1062 1381 primorum
1083 1331 1262 1369 ordinum

113 1392 374 1438 centuriones,
408 1391 501 1429 nihil
520 1399 666 1429 temere
683 1392 889 1442 agendum,
910 1405 1036 1441 neque
1055 1405 1103 1429 ex
1132 1392 1261 1429 hiber-

99 1454 172 1490 nis
185 1454 329 1503 injussu
343 1453 517 1491 Caesaris
531 1452 820 1499 discedendum,
837 1453 1121 1491 existimabant.
1141 1466 1261 1503 quan·

109 1515 226 1552 tasvis
259 1527 418 1565 magnas
448 1514 563 1551 etiam
596 1514 726 1564 copias
761 1513 1042 1552 Germanorum
1081 1515 1260 1552 sustineri

102 1589 235 1627 posse,
255 1575 410 1613 munitis
430 1575 611 1620 hibernis,
632 1575 848 1613 docebant:
882 1588 963 1613 rem
981 1588 1066 1613 esse
1086 1575 1260 1614 testimo-

109 1635 189 1681 nio,
210 1635 313 1686 quod
328 1635 493 1686 primum
513 1635 680 1672 hostium
700 1635 900 1685 impetum,
917 1635 1049 1672 multis
1064 1636 1164 1673 ultro
1179 1635 1262 1673 vul-

109 1696 266 1734 neribus
285 1696 412 1741 illatis,
440 1695 646 1733 fortissime
666 1696 940 1734 sustinuerint:
980 1709 1021 1733 re
1050 1696 1261 1737 frumenta-

99 1758 168 1796 tria
186 1771 263 1796 non
295 1758 438 1808 premi:
468 1757 616 1794 interea
633 1764 673 1794 et
691 1770 741 1794 ex
762 1757 1148 1807 proximis-hibernis,
1181 1766 1220 1796 et
1237 1771 1264 1796 a.

98 1818 289 1863 Caesare,
323 1825 560 1856 conventura
591 1817 786 1861 subsidia3
814 1826 1030 1868 postremo,
1062 1819 1156 1869 quid
1176 1832 1260 1857 esse

112 1879 234 1917 levius
253 1887 318 1917 aut
337 1879 498 1929 turpius,
521 1891 633 1929 quam
650 1887 806 1916 auctore
827 1879 936 1917 hoste
955 1879 1005 1917 de
1023 1880 1182 1918 summis
1202 1893 1262 1918 re-

114 1941 185 1978 bus
206 1953 343 1990 capere
363 1940 563 1978 consilium
582 1941 594 1977 ἓ

167 2000 315 2038 XXJX.
371 2002 516 2039 Contra
535 2014 581 2038 ea
600 2001 784 2047 Titurius,
816 2015 901 2039 sero
920 2002 1104 2047 facturos,
1131 2002 1262 2040 clami÷

112 2062 234 2107 tabat,
261 2075 378 2112 quum
399 2063 561 2111 majores
581 2061 747 2100 hostium
772 2076 921 2109 manus,
934 2063 1133 2113 >adjunctis
1161 2063 1260 2100 Ger-

109 2123 246 2168 manis,
267 2123 558 2166 convenissent3
592 2130 657 2160 aut
677 2137 794 2174 quum
814 2124 1203 2174 aliquidcalamitatis
1220 2124 1261 2166 in

96 2183 296 2234 :proximis
315 2183 486 2221 hibernis
501 2191 601 2222 esset
615 2192 839 2235 acceptum:
857 2184 1261 2223 brevemreonsulendi

102 2257 196 2282 *esse
214 2245 488 2283 occassionem.
544 2245 763 2292 Caesarem,
783 2245 1206 2297 arbitrari‚:profectum
1222 2245 1260 2287 in

111 2305 284 2344 Italiam:
313 2319 439 2357 neque
464 2306 575 2344 aliter
601 2307 790 2346 Carnutes
810 2306 1068 2346 interficiendi
1088 2306 1260 2358 Tasgetii
