1576 2693
195 238 220 273 2
479 235 554 273 DE
596 236 775 274 BELLO
816 236 1063 276 GALLICO

195 346 344 389 partem
370 338 536 376 fluminis
569 339 721 376 Rheni:
750 348 929 390 spectant
961 340 999 377 in
1031 339 1350 391 Septemtriones‚

196 406 236 437 et
256 399 444 437 orientem
464 400 597 437 solem.
644 401 856 451 Aquitania
870 415 892 439 a
911 401 1109 439 Garumna
1127 402 1284 439 flumine
1303 402 1353 439 ad

196 460 419 511 Pyrenaeos
439 467 605 515 montes,
638 470 677 499 et
697 475 780 500 eam
799 470 948 513 partem
979 462 1142 509 Oceani,
1176 475 1273 513 quae
1294 471 1352 500 est

195 523 244 559 ad
265 522 506 573 Hispaniam,
539 522 731 573 pertinet:
769 530 919 574 spectat
939 523 1038 561 inter
1064 536 1243 562 occasum
1263 524 1353 561 solis

200 590 241 620 ct
262 582 579 633 Septemtriones.

248 645 303 681 ΙΙ.
358 646 478 696 Apud
498 646 700 683 Helvetios
719 646 836 696 longe
855 646 1112 683 nobilissimus
1141 653 1181 683 et
1212 644 1353 682 ditissi-

197 719 281 744 mus
300 706 373 743 fuit
393 707 617 757 Orgetorix.
676 708 728 752 Is,
766 706 825 743 M.
857 706 1029 744 Messala
1048 713 1088 743 et
1120 706 1179 742 Μ.
1212 705 1353 742 Pisone

199 766 308 804 Coss.
323 767 432 817 regni
454 767 665 818 cupiditate
686 768 881 813 inductus,
910 766 1216 817 conjurationem
1244 766 1353 803 nobi*-

197 827 315 865 litatis
344 828 460 871 secit3
492 835 531 866 et
562 829 707 866 civitati
727 830 928 880 persuasit,
956 835 999 866 ut
1031 829 1078 865 de
1109 827 1248 864 finibus
1278 827 1355 865 suis

198 901 285 925 cum
303 890 479 927 omnibus
498 890 619 940 copiis
638 890 791 928 exirent
807 903 817 926 ε
836 889 1018 939 perfacile
1034 901 1133 934 esse,
1149 901 1266 938 quum
1278 888 1354 925 vir-

198 957 282 988 tute
304 952 480 989 omnibus
495 957 751 1001 praestarent,
780 950 898 988 totius
919 950 1068 987 Galliae
1095 948 1257 999 imperio
1286 961 1355 1000 po-

198 1011 274 1050 tiri.
328 1012 375 1049 Id
395 1012 470 1050 hoc
488 1012 639 1050 facilius
659 1012 713 1049 eis
732 1012 936 1063 persuasit,
969 1010 1073 1062 quod
1091 1010 1261 1062 undique
1280 1010 1357 1048 loci

197 1080 337 1111 natura
356 1073 531 1110 Helvetii
550 1073 819 1111 continentur:
858 1085 936 1110 una
965 1086 1015 1110 ex
1042 1080 1165 1123 parte,
1197 1072 1357 1109 flumine

198 1135 340 1173 Rheno
373 1135 558 1173 latissimo
587 1142 702 1186 atque
721 1134 920 1181 altissimo,
949 1133 1014 1185 qui
1043 1146 1178 1184 agrum
1211 1133 1358 1171 Helve-

198 1196 295 1233 tium
311 1209 334 1234 a
353 1196 559 1234 Germanis
574 1195 709 1233 dividit
725 1210 734 1238 ;
768 1195 889 1233 altera
913 1207 963 1232 ex
983 1201 1106 1245 parte,
1136 1201 1268 1232 monte
1287 1193 1358 1232 Ju-

167 1296 170 1298 ,
197 1270 240 1294 ra
258 1257 457 1303 altissimo,
482 1257 547 1308 qui
562 1264 621 1295 est
640 1256 739 1294 inter
761 1256 958 1307 Sequanos
975 1263 1014 1293 et
1034 1255 1261 1300 Helvetios;
1281 1264 1356 1293 ter-

197 1317 265 1363 tia,
293 1317 381 1354 lacu
400 1317 616 1363 Lemanno,
647 1324 686 1354 et
705 1316 863 1354 flumine
885 1316 1091 1363 Rhodano,
1117 1316 1182 1367 qui
1201 1316 1358 1367 provin-

198 1379 299 1417 ciam
318 1385 488 1416 nostram
507 1379 554 1416 ab
584 1379 778 1416 Helvetiis
797 1378 944 1416 dividit.
998 1378 1073 1416 His
1093 1379 1207 1416 rebus
1226 1379 1357 1423 fiebat,

198 1447 243 1477 ut
262 1447 302 1478 et
320 1439 447 1477 minus
466 1440 544 1477 late
562 1447 809 1490 vagarentur,
843 1446 883 1476 et
901 1439 1027 1476 minus
1045 1439 1158 1477 facile
1185 1439 1357 1477 finitimis

196 1501 344 1538 bellum
364 1500 505 1538 inferre
521 1508 691 1551 possent.
721 1514 797 1551 qua
811 1501 860 1538 de
875 1513 1010 1539 caussa
1022 1500 1198 1538 homines
1212 1501 1359 1538 bellan-

201 1562 240 1599 di
260 1562 391 1614 cupidi
411 1574 551 1613 magno
571 1562 704 1600 dolore
723 1561 999 1600 afficiebantur.
1053 1563 1130 1600 Pro
1146 1563 1359 1601 multitudi-

199 1636 251 1661 ne
277 1631 407 1661 autem
426 1623 640 1670 hominum,
672 1631 712 1661 et
730 1637 801 1674 pro
819 1624 943 1674 gloria
961 1624 1053 1662 belli
1072 1631 1187 1675 atque
1204 1624 1359 1662 fortitu-

200 1685 315 1730 dinis,
346 1692 529 1735 angustos
549 1698 590 1722 se
609 1685 704 1722 fines
723 1685 866 1722 habere
896 1685 1195 1732 arbitrabantur,
1224 1686 1288 1737 qui
1320 1687 1360 1724 in

197 1745 480 1796 longitudinem
512 1746 631 1784 millia
666 1760 846 1798 passuum
874 1745 1002 1794 CCXL,
1039 1747 1078 1784 in
1115 1747 1358 1786 latitudinem

201 1819 339 1845 ctxxx
357 1808 557 1858 patebant.

251 1868 327 1905 ΙΙΙ.
381 1868 458 1905 His
489 1869 606 1906 rebus
633 1868 806 1916 adducti,
835 1876 874 1907 et
893 1869 1126 1908 auctoritate
1158 1870 1359 1921 Orgetori-

200 1929 259 1979 gis
279 1929 459 1980 permoti,
480 1930 765 1969 constituerunt
778 1943 836 1978 ea,
857 1944 956 1982 quae
971 1931 1020 1969 ad
1034 1931 1357 1983 proficiscendum

198 1991 452 2041 pertinerent,
502 2004 741 2042 comparare,
781 1993 1046 2042 jumentorum
1083 1999 1122 2029 et
1159 2005 1356 2030 carrorum

199 2063 314 2101 quam
334 2051 545 2089 maximum
565 2066 768 2090 numerum
795 2054 987 2099 coemere,
1019 2060 1212 2091 sementes
1243 2066 1356 2104 quam

200 2111 387 2150 maximas
405 2111 549 2159 facere,
582 2120 625 2151 ut
645 2113 683 2150 in
703 2114 840 2152 itinere
875 2114 987 2165 copia
1005 2114 1188 2153 frumenti
1217 2127 1359 2166 sup-pe-

199 2178 324 2215 teret;
360 2186 447 2210 cum
467 2174 652 2225 proximis
680 2175 898 2213 civitatibus
923 2188 1060 2226 pacem
1084 2182 1125 2213 et
1150 2174 1358 2213 amicitiam

201 2233 444 2272 confirmare.
481 2236 548 2273 Ad
566 2249 630 2274 eas
650 2249 710 2274 res
730 2236 992 2285 conficiendas
1006 2236 1203 2274 biennium
1216 2236 1287 2274 sibi
1300 2248 1360 2274 sa-

201 2294 251 2332 tis
270 2307 353 2334 esse
379 2296 602 2344 duxerunt;
644 2298 684 2336 in
714 2298 872 2337 tertium
901 2311 1044 2337 annum
1076 2297 1357 2350 profectionem
