1556 2683
302 234 377 272 160
585 232 660 270 DE
702 231 880 271 BELLO
923 235 1166 274 GALLICO

300 334 362 372 die
381 334 541 386 amplius
564 348 616 373 xx
635 338 748 376 urbes
777 337 992 388 Biturigum
1024 338 1293 375 incenduntur.
1348 338 1441 377 Hoc

296 395 398 433 idem
417 397 459 432 fit
478 397 514 433 in
543 398 698 447 reliquis
717 398 946 435 civitatibus.
1000 399 1045 435 In
1073 399 1246 435 omnibus
1265 400 1435 449 partibus

297 457 475 494 incendia
493 458 804 508 conspiciuntur:
834 472 930 509 quae
950 460 1020 496 etsi
1040 473 1178 509 magno
1200 473 1286 496 cum
1308 460 1439 498 dolore

295 532 428 556 omnes
447 519 633 564 ferebant,
661 528 787 557 tamen
821 520 894 557 hoc
914 520 985 557 sibi
1010 520 1133 558 solatii
1154 521 1434 570 proponebant,

295 581 398 630 quod
417 593 472 625 se,
492 593 610 630 prope
627 580 825 629 explorata
839 581 1012 624 victoria,
1033 580 1210 618 celeriter
1225 581 1361 618 amissa
1379 594 1438 619 re-

296 648 546 690 cuperaturos
582 641 835 678 confidebant.
901 642 1150 679 Deliberatur
1186 642 1234 679 de
1273 642 1439 679 Avarico

293 701 332 737 in
360 701 552 738 communi
585 702 762 746 coneilio,
794 702 947 739 incendi
974 703 1156 752 placeret,
1188 716 1235 740 an
1268 702 1438 740 defendi.

292 761 558 799 Procumbunt
591 763 765 800 omnibus
786 763 906 800 Gallis
926 763 974 799 ad
1006 763 1123 813 pedes
1144 763 1352 814 Bituriges,
1384 777 1433 801 ne

291 824 589 874 pulcherrimam
620 837 739 873 prope
766 824 881 861 totius
916 823 1064 861 Galliae
1099 825 1244 869 urbem,
1273 836 1370 874 quae
1399 832 1440 861 et

292 884 483 935 praesidio
503 892 542 921 et
562 891 785 921 ornamento
805 885 852 921 sit
872 884 1030 930 ciVitati,
1060 885 1136 922 suis
1154 885 1329 922 manibus
1349 898 1438 923 suc-

290 945 456 981 cendere
476 952 729 994 cogerentur:
759 944 872 982 facile
891 958 931 981 se
950 945 1025 982 loci
1045 953 1180 982 natura
1212 945 1437 983 defensuros

288 1004 436 1050 dicunt,
467 1005 583 1055 quod,
616 1019 735 1056 prope
755 1018 803 1042 ex
824 1006 998 1042 omnibus
1029 1006 1199 1055 partibus
1219 1005 1375 1043 flumine
1395 1013 1435 1043 et

288 1066 428 1116 palude
449 1066 697 1111 circumdata,
714 1079 831 1103 unum
847 1066 987 1103 habeat
1001 1073 1039 1102 et
1059 1073 1332 1116 perangustum
1353 1066 1434 1117 adi-

285 1133 381 1164 tum.
419 1126 544 1163 Datur
558 1128 776 1177 petentibus
791 1127 914 1172 venia,
936 1126 1181 1164 dissuadente
1200 1127 1322 1177 primo
1338 1127 1435 1164 Ver—

286 1187 540 1237 cingetorige,
568 1195 655 1238 post
673 1188 912 1225 concedente
932 1195 970 1224 et
989 1187 1165 1237 precibus
1184 1187 1368 1237 ipsorum,
1395 1194 1436 1225 et

287 1249 549 1286 misericordia
581 1249 697 1299 vulgi.
751 1248 985 1286 Defensores
1015 1247 1157 1298 oppido
1189 1248 1317 1286 idonei
1337 1248 1433 1286 deli·

287 1316 443 1359 guntur.

335 1370 444 1408 XVI.
499 1370 797 1421 Vercingetorix
823 1369 1034 1407 minoribus
1065 1369 1266 1407 Caesarem
1288 1369 1433 1408 itineri-

283 1432 355 1470 bus
374 1432 632 1483 subsequitur,
661 1439 701 1469 et
731 1432 859 1469 locum
890 1431 1024 1468 castris
1052 1430 1200 1480 deligit,
1228 1431 1431 1482 paludibus

282 1494 461 1544 silvisque
482 1493 683 1539 munitum,
712 1493 759 1530 ab
782 1492 948 1529 Avarico
966 1492 1081 1542 longe
1108 1491 1226 1528 millia
1253 1503 1432 1541 passuum

284 1566 372 1591 XVI.
425 1554 483 1591 Ibi
502 1567 570 1604 per
586 1560 711 1591 certos
730 1553 995 1604 exploratores
1010 1553 1047 1589 in
1067 1552 1217 1601 singula
1235 1552 1310 1588 diei
1331 1559 1429 1589 tem-

281 1627 388 1665 pora,
415 1626 513 1663 quae
533 1613 579 1651 ad
603 1613 810 1650 Avaricum
830 1620 1050 1663 agerentur,
1078 1612 1351 1662 cognoscebat,
1373 1619 1427 1659 et,

284 1674 375 1725 quid
395 1675 475 1711 fieri
496 1674 624 1719 vellet,
653 1673 876 1723 imperabat.
930 1673 1075 1710 Omnes
1094 1680 1243 1710 nostras
1270 1673 1427 1723 pabula-

281 1735 407 1773 tiones
437 1734 833 1784 frumentationesque
869 1734 1107 1779 observabat‚
1146 1733 1429 1785 dispersosque,

283 1808 398 1846 quum
436 1795 587 1845 longius
617 1794 833 1832 necessario
864 1795 1134 1845 procederent,
1167 1794 1425 1841 adoriebatur,

279 1869 496 1906 magnoque
526 1855 769 1893 incommodo
798 1855 1013 1898 afficiebat;
1042 1856 1125 1901 etsi,
1154 1862 1338 1906 quantum
1367 1868 1428 1893 ra-

279 1917 384 1954 tione
413 1916 604 1967 provideri
623 1923 787 1966 poterat,
815 1917 862 1953 ab
891 1916 1029 1953 nostris
1062 1917 1351 1962 occurrebatur,
1379 1922 1424 1953 ut

281 1976 439 2014 incertis
475 1976 712 2026 temporibus
733 1976 968 2026 diversisque
996 1976 1195 2014 itineribus
1215 1976 1348 2014 iretur.

331 2037 458 2074 XVII.
515 2037 657 2074 Castris
676 2037 723 2074 ad
745 2050 825 2075 eam
842 2045 989 2087 partem
1010 2037 1140 2088 oppidi
1159 2038 1307 2088 positis,
1328 2038 1427 2076 Cae·

279 2111 352 2144 sar,
374 2111 485 2149 quae,
507 2097 719 2135 intermissa
733 2111 755 2134 a
770 2098 927 2135 flumine
943 2105 981 2135 et
994 2111 1016 2136 a
1029 2099 1183 2149 palude,
1204 2098 1365 2145 aditum,
1384 2106 1427 2136 ut

280 2172 394 2210 supra
415 2159 594 2204 diximus,
625 2166 828 2209 angustum
849 2159 1027 2204 habebat,
1060 2171 1240 2209 aggerem
1260 2171 1421 2209 appara-

278 2233 334 2265 re,
354 2220 483 2258 vineas
498 2233 625 2270 agere,
645 2227 770 2257 turres
786 2220 879 2257 duas
895 2220 1143 2265 constituere,
1163 2219 1312 2270 coepit:
1335 2232 1425 2257 nam

280 2281 568 2318 circumvallare
589 2280 664 2318 loci
683 2286 819 2317 natura
833 2280 1074 2332 prohibebat.
1115 2281 1178 2318 De
1197 2292 1238 2317 re
1255 2279 1424 2318 frumen·
