1556 2683
256 249 331 285 ‘202
536 248 610 284 DE
652 247 830 285 BELLO
870 247 1114 287 GALLICO

257 350 591 400 Vergasillaunum
607 352 838 397 Arvernum,
856 365 971 388 unum
988 364 1037 388 ex
1055 364 1101 388 1v
1117 351 1292 398 ducibus,
1312 365 1402 402 pro·

255 410 439 461 pinquum
461 411 804 462 Vercingetorigis,
823 412 1062 462 praeficiunt.
1103 411 1186 457 Ille,
1203 424 1252 448 ex
1266 411 1401 449 castris

258 472 378 522 prima
398 472 527 522 vigilia
546 485 734 523 egreSS11S,
754 486 874 523 prope
902 472 1080 510 confecto
1107 472 1176 509 sub
1196 472 1322 509 lucem
1342 472 1403 509 iti-

254 545 360 578 nere,
390 541 476 584 post
495 542 663 571 montem
694 547 733 571 se
755 534 976 579 occultavit,
1004 533 1220 583 militesque
1240 544 1291 569 ex
1309 546 1401 570 noc-

256 600 371 630 turno
392 595 521 631 labore
540 608 624 632 sese
641 595 799 632 reficere
811 596 938 644 jussit.
992 596 1119 636 Quum
1131 596 1210 644 jam
1226 593 1404 631 meridies

256 656 562 706 appropinquare
577 657 785 702 videretur,
807 656 853 693 ad
870 669 914 693 ea
935 663 1071 702 castra,
1092 668 1189 706 quae
1205 668 1320 706 supra
1335 655 1402 692 de-

254 716 562 762 monstravimus,
584 717 783 754 contendit
799 733 807 759 ;
836 717 1049 767 eodemque
1065 724 1238 767 tempore
1254 717 1401 767 equita-

258 784 320 814 tus
340 778 388 814 ad
421 786 652 828 campestres
683 777 914 815 munitiones
945 778 1145 823 accedere,
1178 784 1217 813 et
1236 777 1406 828 reliquae

258 838 393 887 copiae
413 851 481 888 pro
503 839 637 876 castris
657 852 738 876 sese
759 839 962 876 ostendere
984 845 1208 889 coeperunt.

308 899 532 936 LXXXIV.
591 899 902 949 Vercingetorix,
937 913 986 937 ex
1020 911 1108 936 arce
1137 898 1292 936 Alesiae
1318 911 1407 936 suos

257 960 518 1010 conspicatuS,
539 974 586 998 ex
608 961 750 1011 oppido
766 961 988 1011 egreditur-3
1009 974 1031 998 a
1047 961 1181 998 eastris
1197 960 1410 1010 longurios,

258 1022 466 1067 musculos,
499 1021 630 1067 falces,
651 1022 887 1072 reliquaque,
926 1036 1023 1073 quae
1044 1021 1255 1072 eruptionis
1275 1035 1410 1060 caussa

261 1090 473 1133 paraverat,
506 1083 664 1134 profert.
722 1083 921 1134 Pugnatur
942 1097 1017 1120 uno
1037 1091 1212 1134 tempore
1231 1084 1408 1121 omnibus

257 1144 353 1182 locis
373 1144 526 1190 acriter,
547 1152 662 1194 atque
683 1145 810 1181 omnia
829 1151 1052 1181 tentantur:
1087 1158 1161 1194 qua
1179 1144 1334 1181 minime
1353 1145 1409 1181 vi-

258 1218 300 1242 sa
318 1219 404 1256 pars
424 1206 530 1243 firma
551 1213 622 1251 est,
644 1207 719 1243 huc
735 1206 991 1243 concurritur.
1049 1206 1309 1243 Romanorum
1325 1219 1405 1243 ma-

257 1280 329 1304 nus
349 1267 465 1304 tantis
481 1267 757 1305 munitionibus
778 1267 995 1312 distinetur,
1016 1280 1089 1304 nec
1108 1266 1222 1304 facile
1238 1267 1410 1317 pluribus

257 1327 354 1364 locis
375 1328 556 1365 occurrit.
612 1327 782 1365 Multum
802 1328 851 1365 ad
884 1328 1084 1365 terrendos
1110 1336 1259 1365 nostros
1291 1328 1411 1365 valuit-

259 1389 418 1434 clamor,
452 1389 515 1439 qui
536 1396 622 1439 post
649 1395 801 1438 tergum
831 1389 1093 1439 pugnantibus
1113 1389 1276 1434 exstitit,
1307 1389 1412 1440 quod

258 1463 371 1488 suum
390 1449 605 1499 periculum
638 1449 677 1486 in
697 1450 821 1487 aliena
841 1450 970 1487 vident
1000 1450 1141 1488 virtute
1176 1450 1385 1488 consistere
1402 1465 1411 1488 :

259 1512 387 1549 omnia
417 1511 518 1549 enim
552 1511 793 1561 plerumque,
824 1524 922 1561 quae
952 1511 1104 1557 absunt,
1146 1511 1414 1549 vehementius

259 1573 461 1610 hominum
492 1580 640 1610 mentes
660 1572 898 1623 perturbant.

312 1634 515 1671 LXXXV.
571 1634 725 1679 Caesar,
762 1633 942 1671 idoneum
975 1633 1103 1671 locum
1132 1641 1282 1679 nactus,
1321 1633 1413 1684 quid

262 1707 413 1746 quaque
433 1694 471 1731 in
487 1702 596 1745 parte
612 1701 782 1745 geratur,
803 1694 1019 1744 cognoscit,
1038 1694 1300 1731 laborantibus
1316 1706 1411 1731 aux-

259 1755 366 1792 ilium
386 1754 589 1792 submittit.
645 1754 829 1804 Utrisque
845 1754 894 1791 ad
909 1754 1076 1791 animum
1091 1754 1273 1800 occurrit,
1295 1768 1412 1792 unum

260 1817 355 1854 illud
374 1829 457 1854 esse
493 1823 659 1867 tempus,
692 1829 768 1866 quo
787 1816 953 1853 maxime
987 1816 1169 1853 contendi
1199 1816 1415 1853 conveniat.

262 1878 381 1924 Galli,
401 1877 472 1915 nisi
490 1877 750 1928 perfregerint
765 1877 1010 1922 munitiones,
1028 1877 1076 1914 de
1090 1876 1192 1915 omni
1208 1877 1331 1915 salute
1347 1878 1414 1915 de-

261 1946 438 1990 sperant:
472 1938 650 1984 Romani,
681 1937 710 1974 si
727 1950 807 1974 rem
824 1937 1076 1985 obtinuerint,
1105 1938 1219 1975 finem
1240 1939 1414 1976 laborum
1464 1971 1468 1975 .

260 1999 430 2037 omnium
449 2004 690 2049 exspectant.
745 1998 920 2036 Maxime
940 1998 988 2036 ad
1003 1998 1219 2049 superiores
1234 1999 1414 2037 munitio-

261 2074 329 2098 nes
342 2060 550 2105 laboratur,
565 2073 640 2110 quo
653 2059 988 2109 Vei-gasillaunum
1002 2060 1158 2096 missum
1173 2060 1412 2098 demonstra-

261 2123 398 2159 vimus.
446 2120 641 2171 Exiguum
662 2120 737 2157 loci
752 2120 800 2157 ad
814 2120 1074 2158 declivitatem
1093 2120 1287 2171 fastigium
1306 2134 1413 2172 mag-

261 2196 352 2219 num
368 2183 484 2220 habet
503 2188 752 2219 momentum.
795 2181 875 2218 Alii
895 2181 972 2218 tela
991 2181 1226 2231 conjiciunt;
1255 2182 1318 2219 alii
1334 2190 1414 2219 tes-

262 2243 396 2281 tudine
418 2243 519 2281 facta
534 2243 702 2280 subeunt
719 2258 727 2285 ;
747 2241 966 2292 defatigatis
981 2242 1019 2278 in
1035 2243 1159 2279 vicem
1174 2242 1314 2293 integri
1329 2256 1415 2281 suc-

264 2305 421 2344 cedunt.
476 2304 626 2355 Agger,
657 2304 704 2341 ab
725 2303 910 2342 universis
930 2303 969 2341 in
988 2303 1239 2342 munitionem
1260 2305 1414 2354 conjec-
