1556 2683
298 274 377 311 ‘206
608 271 683 308 DE
712 269 892 308 BELLO
921 269 1165 308 GALLICO

297 374 404 412 driae
421 373 572 412 confeci
592 387 713 424 usque
734 375 781 412 ad
796 373 943 411 exitum
963 386 1039 410 non
1060 372 1213 423 quidem
1230 371 1348 409 civilis
1370 373 1447 411 dis-

298 435 499 480 sensionis,
515 437 625 485 cujus
645 436 758 472 finem
779 435 926 472 nullum
944 434 1130 479 videmus,
1147 433 1215 471 sed
1230 433 1329 471 vitae
1346 434 1444 471 Cae-

296 497 402 533 saris,
455 498 563 538 Quos
592 497 736 533 utinam
756 496 818 546 qui
851 496 980 545 legent
1012 495 1110 532 scire
1141 494 1301 544 possint,
1331 507 1445 544 quam

296 557 437 594 invitus
470 558 702 608 susceperim
736 557 972 602 scribendos,
1006 569 1082 607 quo
1110 555 1260 593 facilius
1291 568 1443 593 caream

294 617 481 655 stultitiae
510 626 625 670 atque
652 618 893 668 arrogantiae
917 617 1090 662 crimine,
1123 617 1187 667 qui
1217 629 1278 654 me
1298 616 1447 654 medius

297 678 592 728 interposuerim
624 679 798 716 Caesaris
818 678 980 729 scriptis.
1036 677 1197 715 Constat
1217 677 1318 725 enim
1344 676 1445 714 inter

297 752 445 784 omnes,
465 739 558 776 nihil
579 747 656 776 tam
670 752 830 789 operose
845 740 892 776 ab
906 739 987 776 aliis
1000 751 1082 775 csse
1098 738 1328 788 per-fectum,
1342 739 1448 788 quod

297 813 374 838 non
387 800 525 837 horum
538 800 730 850 elegantia
746 799 1118 837 Commentariorum
1134 805 1335 848 superetur
1353 812 1362 834 ι
1381 797 1449 847 qui

296 867 386 897 sunt
405 859 512 906 editi,
532 873 581 896 ne
597 860 759 897 scicntia
771 867 962 897 tantarum
977 872 1103 895 rerum
1117 858 1366 907 scriptoribus
1380 857 1447 895 de-

297 929 412 966 esset,
443 921 617 971 adeoque
650 921 861 971 probantur
891 920 1059 957 omnium
1076 919 1238 968 judicio,
1269 925 1311 955 ut
1337 931 1449 969 prae-

299 989 424 1033 repta,
455 996 532 1019 non
559 979 746 1032 praebita,
779 981 941 1019 facultas
975 980 1227 1031 scriptoribus
1263 980 1449 1017 videatur.

301 1044 422 1093 Cujus
442 1051 570 1081 tamen
590 1044 645 1081 rei
671 1045 792 1093 major
811 1050 954 1088 nostra,
983 1054 1096 1092 quam
1116 1041 1363 1091 reliquorum,
1390 1047 1450 1077 est

301 1104 526 1142 admiratio:
556 1105 677 1143 ceteri
697 1105 797 1141 enim
818 1117 932 1154 quam
951 1105 1065 1149 bene,
1085 1110 1200 1154 atque
1221 1101 1422 1139 emendate
1440 1118 1451 1146 ;

300 1179 370 1203 nos
391 1166 520 1211 etiam,
541 1179 654 1216 quam
673 1165 786 1203 facile
805 1174 921 1215 atque
944 1164 1120 1202 celeriter
1143 1176 1209 1201 eos
1227 1163 1450 1214 perfecerit,

301 1227 456 1264 scimus.
510 1226 605 1263 Erat
623 1233 751 1264 autem
768 1226 806 1263 in
827 1226 991 1263 Caesare
1020 1238 1138 1276 quum
1152 1224 1314 1262 facultas
1333 1231 1448 1275 atque

299 1288 493 1337 elegantia
505 1300 652 1324 summa
664 1288 871 1333 scribendi,
884 1295 964 1324 tum
980 1287 1176 1324 verissima
1190 1287 1350 1325 scientia
1363 1300 1452 1324 suo-

300 1362 383 1385 rum
405 1349 652 1386 consiliorum
680 1348 1011 1399 explicandorum.
1066 1348 1165 1385 Mihi
1184 1362 1231 1386 ne
1252 1349 1346 1386 illud
1365 1349 1448 1400 qui-

301 1409 388 1446 dem
409 1409 565 1453 accidit,
586 1416 628 1446 ut
648 1409 916 1446 Alexandrino
931 1416 1045 1459 atque
1061 1409 1248 1447 Africano
1268 1410 1370 1447 bello
1391 1410 1448 1447 in-

300 1477 483 1507 teressem
500 1483 509 1506 :
539 1482 637 1520 quae
656 1469 757 1507 bella
777 1482 994 1520 quanquam
1019 1482 1068 1506 ex
1089 1476 1198 1520 parte
1216 1471 1326 1509 nobis
1347 1471 1446 1509 Cae-

300 1532 394 1568 saris
427 1544 602 1568 sermone
633 1531 708 1568 sint
735 1537 849 1574 nota3
885 1538 1014 1568 tamen
1047 1530 1158 1567 aliter
1186 1531 1361 1568 audimus
1392 1544 1451 1577 ea,

300 1605 397 1643 quae
418 1605 544 1630 rerum
565 1593 734 1630 novitate
753 1599 820 1629 aut
839 1592 1091 1630 admiratione
1106 1605 1175 1629 nos
1192 1592 1363 1643 capiunt,
1383 1593 1452 1630 ali-

300 1661 373 1699 ter,
393 1666 490 1703 quae
510 1667 578 1704 pro
596 1653 815 1691 testimonio
831 1666 959 1690 sumus
979 1653 1131 1690 dicturi.
1201 1652 1279 1690 Sed
1298 1666 1370 1704 ego
1390 1653 1448 1690 ni-

301 1715 454 1760 mirum,
487 1715 577 1752 dum
598 1728 730 1752 omnes
760 1714 1020 1752 excusationis
1040 1726 1193 1752 caussas
1215 1715 1370 1765 colligo,
1403 1727 1454 1752 ne

302 1788 390 1813 cum
419 1776 584 1813 Caesare
605 1777 796 1823 conferar,
827 1776 903 1813 hoe
923 1776 1005 1826 ipso
1034 1775 1179 1813 crimen
1210 1777 1452 1826 arrogantiae

301 1838 436 1882 subeo,
467 1837 571 1887 quod
590 1850 650 1874 me
673 1837 820 1887 judicio
840 1838 1064 1887 cujusquam
1095 1836 1313 1874 existimem
1340 1849 1454 1888 posse

302 1910 393 1935 cum
416 1897 580 1935 Caesare
601 1898 826 1948 comparari.
882 1897 989 1935 Vale.

352 2020 384 2058 I.
439 2019 585 2057 OMNI
619 2020 746 2058 Gallia
764 2021 930 2067 devicta,
962 2020 1104 2058 Caesar
1124 2033 1241 2071 quum
1260 2032 1283 2057 a
1301 2021 1448 2071 superi-

300 2094 367 2118 ore
386 2088 531 2119 aestate
545 2081 692 2118 nullum
706 2082 875 2119 bellandi
891 2091 1041 2132 tempus
1058 2081 1337 2126 intermisisset,
1355 2081 1453 2118 mili-

301 2149 437 2192 tesque
458 2142 705 2179 hibernorum
734 2143 863 2194 quiete
889 2142 1049 2179 reficere
1078 2155 1100 2179 a
1119 2141 1234 2180 tantis
1254 2141 1448 2180 laboribus

302 2204 443 2248 vellet3
476 2204 692 2254 complures
713 2204 848 2241 eodem
869 2211 1042 2254 tempore
1073 2203 1248 2241 civitates
1268 2215 1453 2240 renovare

302 2262 394 2301 belli
415 2263 573 2300 consilia
602 2263 897 2309 nunciabantur,
929 2263 1294 2314 conjurationesque
1312 2263 1455 2301 faeere.

303 2324 423 2374 Cujus
442 2324 496 2361 rei
515 2324 727 2363 verisimilis
760 2337 893 2363 caussa
923 2323 1166 2372 afferebatur,
1197 2324 1301 2376 quod
1332 2323 1453 2363 Gallis
1506 2332 1510 2336 '
