1556 2683
522 303 688 348 LIBER
744 309 853 347 VIII.
1182 312 1260 350 209

112 423 198 451 rum
215 410 351 463 gratia,
371 422 480 452 erant
495 414 750 458 inaedificata,
768 413 907 450 milites
924 412 1110 463 contegit.
1147 412 1265 464 Equi-

117 482 175 512 tes
193 482 336 520 tamen,
357 483 396 512 et
411 475 629 512 auxiliarios
645 475 808 525 pediteS‚
828 474 865 510 in
882 487 1014 510 omnes
1030 481 1157 523 partes
1179 474 1266 510 mit-

113 535 171 580 tit,
207 548 452 585 quascunque
472 536 612 586 petisse
632 536 861 572 dicebantur
891 534 1045 571 hostes:
1076 546 1147 571 nec
1168 533 1265 570 frus·

112 603 181 632 tra.
238 595 335 632 Nam
352 596 580 646 ⁴plerumque
600 609 741 646 magna
763 595 904 646 praeda
928 594 1040 645 potiti
1059 594 1179 632 nostri
1201 607 1262 631 re-

112 663 326 692 vertuntur.
366 656 552 706 Oppressi
573 657 763 694 Carnutes
780 655 915 692 hiemis
930 655 1168 698 difficultate,
1186 662 1262 691 ter-

111 729 198 753 rore
218 717 391 766 periculi,
411 730 544 767 quum,
570 718 684 755 tectis
699 717 865 767 expulsi,
885 716 991 753 nullo
1011 716 1098 754 loco
1117 716 1261 753 diutius

110 778 322 815 consistere
341 779 543 823 auderent,
573 792 646 816 nec
678 778 854 815 silvarum
875 776 1065 828 praesidio
1097 784 1264 826 tempes-

110 839 254 877 tatibus
273 839 481 877 durissimis
502 840 580 889 tegi
601 846 772 890 possent,
791 838 966 889 dispersi,
996 851 1135 889 magna
1153 846 1263 889 parte

109 901 246 938 amissa
266 913 435 945 suorum,
457 901 691 951 dissipantur
711 901 748 938 in
770 900 947 937 finitimas
968 900 1156 938 civitates.

165 960 231 998 VI.
287 962 440 1006 Caesar,
461 972 635 1012 tempore
655 962 742 999 anni
765 961 1002 1007 difficillimo,
1031 975 1148 1012 quum
1168 963 1260 1000 satis

109 1022 270 1060 liaberet
290 1023 561 1060 convenientes
582 1036 716 1060 manus
735 1024 934 1073 dissipare,
964 1036 1011 1060 ne
1032 1023 1136 1074 quod
1158 1024 1257 1060 initi-

107 1096 171 1120 um
191 1083 280 1120 belli
301 1091 539 1129 nasceretur,
560 1092 824 1134 quantumque
840 1084 877 1120 in
893 1085 1042 1122 ratione
1057 1091 1173 1129 esset,
1194 1097 1262 1121 ex-

108 1144 299 1196 ploratum
336 1145 510 1189 liaberet‚
553 1146 624 1182 sub
661 1153 814 1195 tempus
855 1145 1088 1183 aestivorum
1116 1146 1264 1183 nullum

107 1219 297 1243 summum
316 1206 458 1243 bellum
478 1219 589 1256 posse
605 1206 782 1249 conflari;
802 1206 846 1243 C.
867 1206 1100 1243 Trebonium
1117 1219 1206 1244 cum
1228 1219 1261 1245 11

108 1267 338 1317 legionibxm,
373 1280 466 1316 quas
485 1280 616 1304 secum
645 1267 825 1313 habebat,
859 1268 897 1304 in
917 1267 1086 1305 hibernis
1106 1268 1262 1306 Genabi

106 1328 332 1367 collocavit:
379 1329 472 1378 ipse,
503 1342 620 1379 quum
659 1330 804 1367 crebris
831 1329 1088 1379 legationibus
1118 1330 1264 1368 Remo-v

108 1402 194 1426 rum
213 1389 356 1427 certior
374 1389 497 1436 fieret,
518 1389 758 1436 Bellovacos,
790 1390 855 1441 qui
874 1390 964 1427 belli
983 1390 1106 1441 gloria
1123 1391 1262 1429 Gallos

107 1463 240 1488 omnes
270 1450 488 1501 Belgasque
517 1453 779 1502 praestabant,
820 1451 1078 1502 finitimasque
1115 1452 1174 1490 his
1207 1454 1262 1490 ci-

105 1511 259 1558 vitates,
287 1511 387 1548 duce
419 1512 565 1549 Correo
585 1512 807 1558 Bellovaco,
835 1519 874 1549 et
894 1511 1070 1549 Commio
1093 1511 1261 1547 Atreba-

104 1580 159 1619 te,
187 1573 382 1610 exercitus
410 1585 648 1624 comparare,
685 1581 801 1624 atque
833 1573 872 1609 in
892 1586 1010 1610 unum
1038 1572 1167 1609 locum
1195 1584 1262 1609 co—

104 1647 212 1684 gere,
245 1640 285 1671 ut
303 1634 409 1671 omni
439 1635 685 1672 multitudine
715 1635 752 1671 in
771 1635 867 1671 fines
895 1633 1159 1679 Suessionum,
1193 1633 1262 1684 qui

109 1696 243 1733 Remis
267 1704 378 1734 erant
406 1696 594 1742 attributi,
626 1695 801 1733 facerent
833 1695 1148 1746 i=mpressionem;
1174 1707 1262 1745 per-

106 1756 229 1794 tinere
251 1763 380 1794 autem
400 1770 476 1794 non
497 1764 645 1794 tantum
666 1757 714 1794 ad
729 1757 971 1807 dignitatem,
990 1756 1060 1794 sed
1078 1756 1193 1793 etiam
1213 1756 1263 1793 ad

108 1818 271 1856 salutem
299 1830 421 1864 suam,
445 1818 653 1868 judi-caret,
681 1819 824 1856 nullam
858 1818 1116 1856 calamitatem
1134 1817 1262 1855 socios

109 1880 255 1931 optime
274 1880 323 1917 de
342 1880 540 1930 republica
571 1880 729 1918 meritos
761 1880 956 1930 accipere3
994 1879 1186 1929 legionem
1212 1892 1264 1917 ex

105 1941 275 1978 hibernis
295 1948 432 1978 evocat
451 1954 582 1978 rursus
603 1953 659 1987 xi,
680 1941 811 1980 literas
825 1948 956 1979 autem
971 1940 1020 1978 ad
1034 1942 1079 1978 C.
1099 1940 1263 1978 Fabium

105 2003 237 2048 mittit,
269 2002 323 2040 uti
352 2002 391 2039 in
409 2002 505 2040 fines
528 2002 774 2040 Suessionum
802 2002 974 2053 legiones
995 2015 1044 2048 11,
1073 2015 1168 2053 quas
1193 2002 1262 2039 ha-

105 2064 236 2110 bebat,
265 2063 491 2110 adduceret,
518 2064 756 2115 alteramque
787 2077 837 2102 ex
870 2064 1018 2102 duabus
1035 2064 1084 2101 ab
1120 2063 1166 2101 T.
1185 2063 1262 2101 La-

107 2124 221 2162 bieno
252 2125 422 2163 arcessit.
476 2125 549 2171 Ita,
579 2132 765 2176 quantum
791 2125 1041 2162 hibernorum
1074 2131 1259 2176 opportu-

109 2185 208 2223 nitas
224 2185 396 2236 bellique
415 2186 513 2223 rat10
545 2186 780 2237 postulabat,
813 2193 1004 2237 perpetuo
1023 2199 1093 2224 suo
1112 2186 1258 2232 labere,

108 2245 272 2284 invicem
292 2246 509 2297 legionibus
528 2246 819 2298 expeditionum
839 2259 936 2283 onus
955 2246 1197 2296 injungebat.

160 2308 252 2346 VII.
313 2308 389 2346 His
408 2308 530 2359 copiis
549 2308 709 2353 coactis,
737 2307 787 2345 ad
806 2307 1034 2345 Bellovacos
1052 2306 1265 2358 proficisci-

111 2378 196 2415 tua·;
231 2370 442 2422 castrisque
461 2370 500 2407 in
520 2382 654 2409 eorum
681 2368 821 2407 finibus
840 2368 975 2420 positis
995 2368 1168 2420 equitum
1184 2376 1266 2406 tur·

191 2431 300 2470 Tom.
320 2431 351 2468 Ι.
713 2429 751 2467 D
772 2430 797 2467 d
