1556 2683
547 302 711 340 LIBER
766 303 875 340 VIII.
1237 308 1310 344 219

166 417 301 455 rasque
333 404 482 444 Galliac
501 407 674 444 civitates
705 407 918 457 suscepisse
937 407 1103 450 bellum;
1139 408 1308 458 pertina-

167 466 317 504 cissime
338 467 406 504 hos
426 479 474 504 ex
495 468 670 505 omnibus
690 470 727 505 in
747 468 938 506 sententia
957 469 1223 518 permansisse,
1244 483 1309 507 ne-

168 540 243 577 que
275 528 324 565 ad
343 527 543 565 sanitatem
564 529 796 579 reliquorum
817 529 1012 566 deditione
1045 542 1129 566 csse
1149 531 1310 580 perduc-

167 595 226 624 tos
244 603 253 623 ε
286 588 385 625 scire
406 597 520 639 atque
541 590 756 640 intelligere
771 604 825 635 se,
847 602 1017 627 caussam
1035 591 1185 640 peccati
1204 590 1309 628 facil-

171 648 259 685 lime
279 649 437 686 mortuis
456 649 626 699 delegari
643 666 652 692 ;
671 651 861 687 neminem
878 663 966 688 vero
983 659 1130 687 tantum
1151 651 1310 700 pollere,

169 716 224 754 ut,
246 709 371 746 invitis
390 710 639 760 principibus,
668 711 870 748 resistente
889 719 1038 755 senum,
1059 712 1234 748 omnibus
1254 725 1312 748 re-

169 771 443 820 pugnantibus,
464 771 612 808 infirma
626 784 740 808 manu
762 771 882 822 plebis
901 772 1042 808 bellum
1060 774 1254 809 concitare
1273 780 1312 810 et

167 844 302 881 gerere
323 840 464 882 posset.
485 833 551 868 sed
568 840 694 869 tamen
710 845 750 869 se
771 840 996 870 contentum
1012 833 1093 870 fore
1109 846 1155 870 ea
1173 846 1311 883 poena,

169 904 281 940 quam
302 892 372 929 sibi
394 891 462 942 ipsi
483 893 775 930 contraxissent.

216 951 367 988 XXIII.
423 952 550 990 Nocte
570 952 786 1004 insequenti
806 953 921 1004 legati
950 966 1130 1004 responsa
1151 954 1198 991 ad
1223 967 1309 992 suos

167 1012 352 1058 referunt,
373 1013 523 1050 obsides
539 1014 763 1051 conficiunt.
819 1015 1065 1052 Concurrunt
1081 1016 1310 1065 reliquarum

165 1074 363 1112 civitatum
383 1075 515 1125 legati,
536 1088 633 1125 quae
653 1076 945 1112 Bellovacorum
965 1076 1312 1126 speculabantur-e-

167 1143 338 1173 ventum.
403 1136 567 1174 Obsides
605 1137 711 1181 dant,
745 1138 929 1187 imperata
953 1138 1113 1181 faciunt,
1146 1147 1311 1187 excepto

167 1196 355 1242 Commio,
376 1210 488 1247 quern
510 1197 624 1234 timor
643 1197 872 1248 prohibebat
893 1199 1118 1247 cujusquam
1140 1197 1229 1235 fidei
1250 1211 1311 1235 su-

164 1271 225 1295 am
240 1258 481 1296 committere
501 1259 675 1295 salutem.
715 1258 812 1295 Nam
834 1259 1030 1309 superiore
1049 1270 1149 1295 anno
1171 1258 1216 1294 T.
1236 1258 1310 1296 La-

163 1320 311 1364 bienus,
336 1319 500 1356 Caesare
520 1319 556 1355 in
574 1319 701 1357 Gallia
721 1320 898 1357 citeriore
913 1321 976 1369 jus
996 1319 1164 1364 dicente,
1194 1333 1309 1370 quum

166 1380 383 1419 Commium
406 1381 654 1430 comperisset
673 1381 878 1418 sollicitare
899 1380 1086 1426 civitates,
1120 1388 1159 1418 et
1178 1383 1312 1430 conju-

162 1442 351 1479 rationem
378 1449 513 1478 contra
546 1441 748 1478 Caesarem
769 1441 912 1485 facere,
946 1441 1209 1479 infidelitatem
1229 1445 1311 1493 ejus

163 1503 245 1540 sine
278 1503 354 1540 ulla
382 1502 543 1553 perfidia
557 1502 744 1551 judicavit
765 1502 963 1552 comprimi
996 1515 1119 1552 posse.
1186 1504 1311 1544 Quem

162 1564 253 1614 quia
272 1577 347 1601 non
361 1564 618 1601 arbitrabatur
638 1571 816 1600 vocatum
836 1563 874 1599 in
891 1571 1015 1599 castra
1030 1571 1247 1610 venturum,
1264 1577 1311 1601 ne

159 1624 345 1662 tentando
367 1624 577 1669 cautiorem
603 1623 762 1669 faceret,
795 1624 838 1661 C.
870 1623 1106 1661 Volusenum
1139 1626 1311 1666 Quadra-

161 1693 242 1724 tum
265 1686 380 1730 misit,
413 1685 475 1735 qui
496 1697 582 1721 cum
616 1698 683 1735 per
701 1685 984 1723 simulationem
1004 1685 1183 1736 colloquii
1204 1699 1312 1724 cura-

165 1755 225 1785 ret
245 1746 565 1791 interficiendum.
622 1746 686 1782 Ad
705 1759 789 1783 eam
810 1760 888 1784 rem
905 1746 1077 1784 delectos
1097 1747 1257 1785 idoneos
1276 1749 1311 1786 ei

165 1809 282 1846 tradit
302 1808 560 1846 centuriones.
616 1809 742 1849 Quum
764 1808 802 1844 in
823 1807 1056 1858 colloquium
1076 1815 1234 1845 ventum
1253 1822 1311 1847 es-

165 1878 237 1915 set,
271 1879 324 1915 et,
353 1877 395 1906 ut
426 1876 673 1913 convenerat,
716 1882 868 1905 manum
902 1869 1064 1906 Commii
1096 1869 1311 1909 Volusenus

164 1930 399 1980 arripuisset,
433 1937 472 1966 et
502 1929 692 1973 centurio,
730 1929 833 1966 velut
852 1930 1002 1967 insueta
1033 1943 1073 1967 re
1103 1939 1312 1980 permotus,

164 1991 281 2029 vellet
301 1990 519 2029 Commium
539 1990 780 2032 interficere;
809 1991 988 2028 celeriter
1019 2005 1041 2029 a
1065 1991 1312 2030 familiaribus

162 2053 380 2103 prohibitus
401 2051 635 2101 [Commii],
652 2051 843 2088 conficere
859 2052 1052 2089 hominem
1072 2066 1148 2090 non
1164 2055 1310 2104 potuit:

164 2113 333 2163 graviter
364 2121 492 2150 tamen
522 2112 644 2162 primo
682 2113 762 2150 ictu
799 2113 927 2162 gladio
965 2121 1081 2164 caput
1109 2116 1312 2164 percussit.

161 2176 288 2216 Quum
309 2174 489 2224 utrinque
510 2172 626 2222 gladii
646 2173 822 2210 destricti
846 2182 986 2219 essent,
1020 2188 1096 2211 non
1117 2183 1195 2213 tam
1216 2190 1311 2228 pug-

164 2234 296 2278 nandi,
317 2247 430 2284 quam
451 2233 689 2283 diffugiendi,
718 2233 792 2271 fuit
811 2242 1060 2285 utrorumque
1087 2236 1314 2282 consilium;

166 2302 400 2339 nostrorum,
438 2294 542 2344 quod
560 2293 756 2331 mortifero
787 2295 946 2333 vulnere
981 2296 1196 2333 Commium
1230 2311 1312 2336 cre-

167 2353 312 2392 debant
330 2354 536 2399 affectum3
577 2354 791 2402 Gallorum,
825 2356 942 2406 quod,
969 2356 1113 2394 insidiis
1133 2358 1311 2408 cognitis,
