1556 2683
539 234 706 272 LIBER
761 234 809 270 V.
1207 231 1255 271 97

98 336 189 376 ‹lu'm
208 349 383 389 poscere,
403 345 458 384 ut,
479 339 583 388 quod
601 351 685 376 esse
705 351 755 375 ex
776 349 847 374 usu
867 335 1018 373 Galliae
1038 333 1250 372 intellexis-

98 408 197 444 sent,
218 399 410 436 communi
431 400 592 437 consilio
613 399 936 437 administrarent.

149 459 238 496 V11.
293 460 404 497 Haec
424 474 446 497 a
461 460 721 510 compluribus
737 460 785 496 ad
802 460 1006 497 Caesarem
1024 457 1254 494 defereban-v

96 529 170 558 tur.
208 533 281 571 qua
314 534 354 557 re
388 521 555 570 cognita,
589 521 745 565 Caesar,
784 519 886 570 quod
919 527 1066 556 tantum
1103 518 1251 556 civitati

99 581 263 618 Aeduae
290 581 488 632 dignitatis
508 582 710 626 tribuerat,
741 580 1014 626 co'e’rcendum,
1048 588 1164 631 atque
1186 580 1252 617 de-

98 642 334 688 terrendum,
351 643 643 693 quibuscunque
663 643 776 680 rebus
796 650 940 693 posset,
969 642 1253 690 Dumnorigem

95 703 310 740 statuebat:
332 703 434 753 quod
449 704 599 753 longius
614 705 647 753 ej
656 716 697 740 us
715 703 920 740 amentiam
936 703 1117 754 progredi
1138 702 1246 740 vide-

96 764 175 809 bat,
206 764 533 814 prospiciendum,
567 777 615 801 ne
636 764 727 814 quid
746 763 882 801 sibiae
915 763 1149 814 reipublicae
1180 776 1250 801 no-

95 837 185 862 cere
216 832 356 875 posset.
411 825 562 875 ltaque,
594 825 675 862 dies
708 824 863 862 circiter
891 836 974 860 xxv
1007 825 1045 860 in
1079 835 1127 861 eo
1159 823 1247 860 loco

96 893 369 931 commoratus,
404 886 508 936 quod
528 886 652 923 Corus
671 893 807 923 ventus
828 885 1112 935 navigationem
1132 884 1250 934 impe-

95 946 240 992 diebat,
261 947 325 997 qui
345 959 523 997 magnam
544 955 691 997 partem
713 946 836 983 omnis
855 947 1040 996 temporis
1060 946 1097 982 in
1118 945 1175 982 his
1195 945 1250 982 lo-

96 1008 150 1045 cis
169 1008 262 1044 flare
283 1008 498 1053 consuevit,
536 1007 651 1044 dabat
672 1020 842 1057 operam,
863 1014 905 1044 ut
924 1007 961 1043 in
982 1006 1106 1043 officio
1127 1005 1252 1042 Dum-

92 1068 267 1118 norigem
301 1069 532 1114 contineret,
565 1068 684 1104 nih-ilo
717 1076 847 1105 tamen
867 1068 993 1104 secius
1020 1067 1148 1104 onmia
1167 1070 1250 1117 eJus

94 1129 254 1167 consilia
274 1136 540 1179 cognosceret.
574 1128 746 1174 tandem,
780 1129 958 1165 idoneam
992 1135 1127 1166 nactus
1153 1136 1250 1165 tem-

95 1198 300 1241 pestatem,
329 1190 469 1227 milites
501 1190 730 1240 equitesque
763 1189 1026 1226 conscendere
1060 1188 1099 1225 in
1133 1201 1250 1226 naves

88 1251 214 1300 Jubet.
271 1252 340 1296 At,
361 1250 531 1287 omnium
552 1249 745 1300 impeditis
757 1249 906 1294 animis,
921 1249 1142 1286 Dumnorix
1157 1261 1248 1285 cum

94 1313 290 1363 equitibus
312 1312 538 1349 Aeduorum
558 1324 580 1348 a
600 1310 749 1356 castris,
768 1310 956 1347 insciente
977 1310 1158 1356 Caesare,
1179 1309 1249 1347 do-

93 1386 198 1409 mum
219 1372 418 1410 discedere
439 1372 580 1422 coepit.
634 1372 721 1413 Qua
740 1384 780 1407 re
800 1370 996 1414 nunciata,
1018 1369 1176 1415 Caesar,
1192 1369 1250 1407 in-

93 1434 267 1472 termissa
287 1433 542 1484 profectione,
575 1439 691 1483 atque
711 1432 889 1469 omnibus
922 1431 1037 1467 rebus
1058 1430 1248 1481 postposi-

93 1495 155 1541 tis,
190 1508 369 1545 magnam
389 1502 538 1546 partem
568 1494 762 1544 equitatus
783 1493 831 1529 ad
851 1505 938 1529 eum
965 1491 1249 1541 insequendum

90 1556 224 1602 mittit,
245 1556 466 1607 retrahique
486 1556 648 1605 imperat
665 1572 672 1594 ·,
693 1555 723 1591 si
742 1554 818 1590 vim
838 1553 969 1598 faeiat,
991 1566 1116 1603 neque
1136 1566 1246 1602 pare-

91 1624 143 1662 at,
161 1617 461 1666 interficijubet‚
476 1616 571 1652 nihil
591 1616 707 1660 hunc,
724 1628 764 1651 se
779 1615 953 1658 absente,
970 1626 1040 1662 pro
1055 1625 1148 1650 sano
1166 1613 1247 1651 fac-

90 1687 218 1716 turum
238 1678 457 1722 arbitratus,
489 1677 552 1728 qui
574 1676 787 1727 praesentis
820 1674 1022 1725 imperium
1051 1675 1245 1724 neglexis-

90 1747 161 1778 set.
215 1740 286 1777 Ille
307 1739 422 1785 enim,
452 1745 668 1783 revocatus,
690 1738 882 1781 resistere,
917 1750 961 1773 ac
981 1749 1022 1772 se
1041 1748 1157 1772 manu
1177 1737 1244 1773 de-

88 1801 263 1846 fendere,
276 1813 509 1850 suorumque
525 1800 640 1836 fidem
656 1799 858 1850 implorare
873 1797 1016 1848 coepit,
1030 1810 1145 1848 saepe
1166 1797 1244 1835 cla-

89 1863 244 1908 mitans,
275 1863 437 1899 liberum
457 1874 498 1898 se
518 1861 739 1910 liberaeque
760 1860 924 1897 civitatis
944 1872 1041 1896 esse.
1095 1859 1170 1904 llli,
1201 1867 1247 1897 ut

89 1932 170 1962 erat
191 1924 436 1974 imperatum,
453 1921 742 1959 circumsistunt
757 1920 966 1965 hominem,
995 1920 1243 1971 atqueinter-

88 1985 224 2022 ficiunt
242 1999 253 2021 τ
288 1992 328 2022 at
350 1984 480 2022 Aedui
500 1983 648 2034 equites
668 1982 717 2019 ad
737 1982 943 2019 Caesarem
963 1994 1096 2018 omnes
1115 1987 1246 2018 rever-'

91 2053 238 2084 tuntur.

140 2107 254 2144 Vm,
308 2107 382 2144 His
413 2108 525 2145 rebus
562 2106 694 2157 gestis,
727 2106 903 2144 Labieno
940 2106 978 2142 in
1016 2105 1242 2144 continente

90 2183 177 2207 cum
198 2181 250 2205 111
269 2168 501 2219 legionibus,
521 2175 561 2205 et
579 2168 755 2218 equitum
773 2168 939 2205 millibus
960 2179 1008 2213 11,
1027 2167 1178 2213 relicto,
1198 2173 1251 2204 ut<

87 2238 222 2282 portus
258 2237 446 2287 tueretur,
485 2236 524 2266 et
561 2242 641 2266 rem
679 2228 967 2266 frumentariam
1006 2227 1249 2278 provideret,

90 2296 263 2343 quaeque
285 2291 322 2327 in
342 2290 472 2329 Gallia
484 2296 714 2341 gererentur
729 2295 1000 2341 cognosceret,
1021 2287 1240 2326 consilium-

170 2352 279 2389 ToM.
309 2351 340 2388 Ι,
693 2350 729 2387 N
