<?xml version="1.0" encoding="UTF-8"?>
<!DOCTYPE html PUBLIC "-//W3C//DTD XHTML 1.0 Transitional//EN"
    "http://www.w3.org/TR/xhtml1/DTD/xhtml1-transitional.dtd">
<html xmlns="http://www.w3.org/1999/xhtml" xml:lang="en" lang="en">
 <head>
  <title>
</title>
<meta http-equiv="Content-Type" content="text/html;charset=utf-8" />
  <meta name='ocr-system' content='tesseract 3.04.00' />
  <meta name='ocr-capabilities' content='ocr_page ocr_carea ocr_par ocr_line ocrx_word'/>
</head>
<body>
  <div class='ocr_page' id='page_1' title='image "./debellogallicoet01caesuoft_0039.png"; bbox 0 0 1556 2683; ppageno 0'>
   <div class='ocr_carea' id='block_1_1' title="bbox 610 301 1316 344">
    <p class='ocr_par' dir='ltr' id='par_1_1' title="bbox 610 301 1316 344">
     <span class='ocr_line' id='line_1_1' title="bbox 610 301 1316 344; baseline 0.006 -4"><span class='ocrx_word' id='word_1_1' title='bbox 610 301 775 341; x_wconf 77' lang='lat' dir='ltr'><strong>LIBER</strong></span> <span class='ocrx_word' id='word_1_2' title='bbox 828 303 860 340; x_wconf 87' lang='grc' dir='ltr'>Ι.</span> <span class='ocrx_word' id='word_1_3' title='bbox 1272 308 1316 344; x_wconf 79' lang='grc'>15</span> 
     </span>
    </p>
   </div>
   <div class='ocr_carea' id='block_1_2' title="bbox 152 405 1316 2407">
    <p class='ocr_par' dir='ltr' id='par_1_2' title="bbox 173 405 1316 640">
     <span class='ocr_line' id='line_1_2' title="bbox 176 405 1316 457; baseline 0.002 -15"><span class='ocrx_word' id='word_1_4' title='bbox 176 406 349 452; x_wconf 83' lang='lat' dir='ltr'>movisse,</span> <span class='ocrx_word' id='word_1_5' title='bbox 369 414 408 444; x_wconf 88' lang='lat' dir='ltr'>et</span> <span class='ocrx_word' id='word_1_6' title='bbox 422 406 658 452; x_wconf 86' lang='lat' dir='ltr'>Considium,</span> <span class='ocrx_word' id='word_1_7' title='bbox 678 407 814 444; x_wconf 84' lang='lat' dir='ltr'>timore</span> <span class='ocrx_word' id='word_1_8' title='bbox 834 405 1097 457; x_wconf 85' lang='lat' dir='ltr'>perterritum,</span> <span class='ocrx_word' id='word_1_9' title='bbox 1115 407 1219 457; x_wconf 84' lang='lat' dir='ltr'>quod</span> <span class='ocrx_word' id='word_1_10' title='bbox 1239 420 1316 444; x_wconf 85' lang='lat' dir='ltr'>non</span> 
     </span>
     <span class='ocr_line' id='line_1_3' title="bbox 174 466 1315 518; baseline 0.002 -16"><span class='ocrx_word' id='word_1_11' title='bbox 174 467 341 513; x_wconf 87' lang='lat' dir='ltr'>vidisset,</span> <span class='ocrx_word' id='word_1_12' title='bbox 361 481 430 518; x_wconf 89' lang='lat' dir='ltr'>pro</span> <span class='ocrx_word' id='word_1_13' title='bbox 449 468 528 505; x_wconf 89' lang='lat' dir='ltr'>viso</span> <span class='ocrx_word' id='word_1_14' title='bbox 547 468 619 505; x_wconf 90' lang='lat' dir='ltr'>sibi</span> <span class='ocrx_word' id='word_1_15' title='bbox 639 468 898 505; x_wconf 69' lang='lat' dir='ltr'>renunciasse.</span> <span class='ocrx_word' id='word_1_16' title='bbox 953 466 1012 504; x_wconf 88' lang='lat' dir='ltr'>Eo</span> <span class='ocrx_word' id='word_1_17' title='bbox 1031 467 1107 512; x_wconf 90' lang='lat' dir='ltr'>die,</span> <span class='ocrx_word' id='word_1_18' title='bbox 1128 481 1204 517; x_wconf 92' lang='lat' dir='ltr'>quo</span> <span class='ocrx_word' id='word_1_19' title='bbox 1224 479 1315 504; x_wconf 87' lang='lat' dir='ltr'>con-</span> 
     </span>
     <span class='ocr_line' id='line_1_4' title="bbox 173 528 1315 579; baseline 0.003 -16"><span class='ocrx_word' id='word_1_20' title='bbox 173 529 302 565; x_wconf 71' lang='lat' dir='ltr'>suerat</span> <span class='ocrx_word' id='word_1_21' title='bbox 330 528 543 575; x_wconf 84' lang='lat' dir='ltr'>intervallo,</span> <span class='ocrx_word' id='word_1_22' title='bbox 573 530 702 566; x_wconf 86' lang='lat' dir='ltr'>hostes</span> <span class='ocrx_word' id='word_1_23' title='bbox 721 528 908 579; x_wconf 85' lang='lat' dir='ltr'>sequitur,</span> <span class='ocrx_word' id='word_1_24' title='bbox 941 535 981 566; x_wconf 89' lang='lat' dir='ltr'>et</span> <span class='ocrx_word' id='word_1_25' title='bbox 999 528 1116 566; x_wconf 88' lang='lat' dir='ltr'>millia</span> <span class='ocrx_word' id='word_1_26' title='bbox 1135 541 1315 579; x_wconf 84' lang='lat' dir='ltr'><strong>passuum</strong></span> 
     </span>
     <span class='ocr_line' id='line_1_5' title="bbox 174 588 906 640; baseline 0.003 -16"><span class='ocrx_word' id='word_1_27' title='bbox 174 588 246 626; x_wconf 84' lang='lat' dir='ltr'>tria</span> <span class='ocrx_word' id='word_1_28' title='bbox 263 591 310 627; x_wconf 89' lang='lat' dir='ltr'>ab</span> <span class='ocrx_word' id='word_1_29' title='bbox 331 603 462 627; x_wconf 89' lang='lat' dir='ltr'>eorum</span> <span class='ocrx_word' id='word_1_30' title='bbox 482 591 618 627; x_wconf 89' lang='lat' dir='ltr'>castris</span> <span class='ocrx_word' id='word_1_31' title='bbox 643 598 767 627; x_wconf 85' lang='lat' dir='ltr'>castra</span> <span class='ocrx_word' id='word_1_32' title='bbox 785 590 906 640; x_wconf 87' lang='lat' dir='ltr'>ponit.</span> 
     </span>
    </p>

    <p class='ocr_par' dir='ltr' id='par_1_3' title="bbox 161 649 1315 1490">
     <span class='ocr_line' id='line_1_6' title="bbox 221 649 1315 701; baseline 0.003 -16"><span class='ocrx_word' id='word_1_33' title='bbox 221 649 372 687; x_wconf 87' lang='lat' dir='ltr'><strong>XXIII.</strong></span> <span class='ocrx_word' id='word_1_34' title='bbox 427 650 615 688; x_wconf 87' lang='lat' dir='ltr'><strong>Postridie</strong></span> <span class='ocrx_word' id='word_1_35' title='bbox 641 653 723 700; x_wconf 87' lang='lat' dir='ltr'>ejus</span> <span class='ocrx_word' id='word_1_36' title='bbox 742 651 833 696; x_wconf 90' lang='lat' dir='ltr'>diei,</span> <span class='ocrx_word' id='word_1_37' title='bbox 865 651 968 701; x_wconf 90' lang='lat' dir='ltr'>quod</span> <span class='ocrx_word' id='word_1_38' title='bbox 984 651 1138 689; x_wconf 88' lang='lat' dir='ltr'>omnino</span> <span class='ocrx_word' id='word_1_39' title='bbox 1156 651 1315 689; x_wconf 85' lang='lat' dir='ltr'>biduum</span> 
     </span>
     <span class='ocr_line' id='line_1_7' title="bbox 168 711 1315 762; baseline 0.004 -18"><span class='ocrx_word' id='word_1_40' title='bbox 168 717 380 759; x_wconf 81' lang='lat' dir='ltr'>supererat,</span> <span class='ocrx_word' id='word_1_41' title='bbox 394 724 509 760; x_wconf 88' lang='lat' dir='ltr'>quum</span> <span class='ocrx_word' id='word_1_42' title='bbox 525 711 702 748; x_wconf 83' lang='lat' dir='ltr'>exercitu</span> <span class='ocrx_word' id='word_1_43' title='bbox 717 711 950 747; x_wconf 85' lang='lat' dir='ltr'>frumentum</span> <span class='ocrx_word' id='word_1_44' title='bbox 963 711 1088 749; x_wconf 85' lang='lat' dir='ltr'>metiri</span> <span class='ocrx_word' id='word_1_45' title='bbox 1104 719 1315 762; x_wconf 82' lang='lat' dir='ltr'>oporteret,</span> 
     </span>
     <span class='ocr_line' id='line_1_8' title="bbox 169 771 1315 823; baseline 0.002 -16"><span class='ocrx_word' id='word_1_46' title='bbox 169 777 208 807; x_wconf 88' lang='lat' dir='ltr'>et</span> <span class='ocrx_word' id='word_1_47' title='bbox 227 771 330 821; x_wconf 85' lang='lat' dir='ltr'>quod</span> <span class='ocrx_word' id='word_1_48' title='bbox 349 784 372 808; x_wconf 89' lang='lat' dir='ltr'>a</span> <span class='ocrx_word' id='word_1_49' title='bbox 391 771 587 817; x_wconf 79' lang='lat' dir='ltr'>Bibracte,</span> <span class='ocrx_word' id='word_1_50' title='bbox 601 772 743 823; x_wconf 88' lang='lat' dir='ltr'>oppido</span> <span class='ocrx_word' id='word_1_51' title='bbox 766 772 990 809; x_wconf 83' lang='lat' dir='ltr'>Aeduorum</span> <span class='ocrx_word' id='word_1_52' title='bbox 1010 772 1126 822; x_wconf 84' lang='lat' dir='ltr'>longe</span> <span class='ocrx_word' id='word_1_53' title='bbox 1146 773 1315 809; x_wconf 84' lang='lat' dir='ltr'>maximo</span> 
     </span>
     <span class='ocr_line' id='line_1_9' title="bbox 169 832 1311 883; baseline 0.001 -14"><span class='ocrx_word' id='word_1_54' title='bbox 169 839 209 869; x_wconf 89' lang='lat' dir='ltr'>et</span> <span class='ocrx_word' id='word_1_55' title='bbox 227 832 501 883; x_wconf 83' lang='lat' dir='ltr'>copiosissimo,</span> <span class='ocrx_word' id='word_1_56' title='bbox 534 845 610 870; x_wconf 89' lang='lat' dir='ltr'>non</span> <span class='ocrx_word' id='word_1_57' title='bbox 633 833 794 883; x_wconf 84' lang='lat' dir='ltr'>amplius</span> <span class='ocrx_word' id='word_1_58' title='bbox 813 833 979 870; x_wconf 90' lang='lat' dir='ltr'>millibus</span> <span class='ocrx_word' id='word_1_59' title='bbox 998 845 1177 883; x_wconf 78' lang='lat' dir='ltr'>passuum</span> <span class='ocrx_word' id='word_1_60' title='bbox 1197 845 1311 870; x_wconf 83' lang='lat' dir='ltr'>xvur</span> 
     </span>
     <span class='ocr_line' id='line_1_10' title="bbox 167 893 1313 945; baseline 0 -15"><span class='ocrx_word' id='word_1_61' title='bbox 167 893 320 937; x_wconf 78' lang='lat' dir='ltr'>aberat3</span> <span class='ocrx_word' id='word_1_62' title='bbox 356 894 410 931; x_wconf 88' lang='lat' dir='ltr'>rei</span> <span class='ocrx_word' id='word_1_63' title='bbox 429 893 700 932; x_wconf 78' lang='lat' dir='ltr'>frumentariae</span> <span class='ocrx_word' id='word_1_64' title='bbox 725 893 1035 945; x_wconf 82' lang='lat' dir='ltr'>prospiciendum</span> <span class='ocrx_word' id='word_1_65' title='bbox 1065 894 1313 940; x_wconf 76' lang='lat' dir='ltr'>existimavit,</span> 
     </span>
     <span class='ocr_line' id='line_1_11' title="bbox 168 952 1314 999; baseline 0.003 -10"><span class='ocrx_word' id='word_1_66' title='bbox 168 952 241 989; x_wconf 87' lang='lat' dir='ltr'>iter</span> <span class='ocrx_word' id='word_1_67' title='bbox 255 954 302 990; x_wconf 84' lang='lat' dir='ltr'>ab</span> <span class='ocrx_word' id='word_1_68' title='bbox 318 953 506 991; x_wconf 86' lang='lat' dir='ltr'>Helvetiis</span> <span class='ocrx_word' id='word_1_69' title='bbox 519 954 671 999; x_wconf 84' lang='lat' dir='ltr'>avertit,</span> <span class='ocrx_word' id='word_1_70' title='bbox 687 967 732 991; x_wconf 85' lang='lat' dir='ltr'>ac</span> <span class='ocrx_word' id='word_1_71' title='bbox 745 953 926 991; x_wconf 76' lang='lat' dir='ltr'>Bibracte</span> <span class='ocrx_word' id='word_1_72' title='bbox 940 953 995 990; x_wconf 83' lang='lat' dir='ltr'>ire</span> <span class='ocrx_word' id='word_1_73' title='bbox 1012 955 1224 992; x_wconf 87' lang='lat' dir='ltr'>contendit.</span> <span class='ocrx_word' id='word_1_74' title='bbox 1256 954 1314 992; x_wconf 78' lang='lat' dir='ltr'>Ea</span> 
     </span>
     <span class='ocr_line' id='line_1_12' title="bbox 168 1013 1313 1065; baseline 0.003 -15"><span class='ocrx_word' id='word_1_75' title='bbox 168 1026 227 1050; x_wconf 87' lang='lat' dir='ltr'>res</span> <span class='ocrx_word' id='word_1_76' title='bbox 243 1026 311 1064; x_wconf 85' lang='lat' dir='ltr'>per</span> <span class='ocrx_word' id='word_1_77' title='bbox 329 1013 510 1064; x_wconf 85' lang='lat' dir='ltr'>fugitivos</span> <span class='ocrx_word' id='word_1_78' title='bbox 530 1013 575 1051; x_wconf 89' lang='lat' dir='ltr'>L.</span> <span class='ocrx_word' id='word_1_79' title='bbox 596 1014 767 1059; x_wconf 86' lang='lat' dir='ltr'>Aemilii,</span> <span class='ocrx_word' id='word_1_80' title='bbox 796 1014 1014 1052; x_wconf 87' lang='lat' dir='ltr'>decurionis</span> <span class='ocrx_word' id='word_1_81' title='bbox 1030 1015 1203 1065; x_wconf 89' lang='lat' dir='ltr'>equitum</span> <span class='ocrx_word' id='word_1_82' title='bbox 1219 1016 1313 1053; x_wconf 85' lang='lat' dir='ltr'>Gal-</span> 
     </span>
     <span class='ocr_line' id='line_1_13' title="bbox 167 1074 1312 1126; baseline 0.003 -16"><span class='ocrx_word' id='word_1_83' title='bbox 167 1074 304 1120; x_wconf 81' lang='lat' dir='ltr'>lorum,</span> <span class='ocrx_word' id='word_1_84' title='bbox 323 1075 497 1112; x_wconf 84' lang='lat' dir='ltr'>hostibus</span> <span class='ocrx_word' id='word_1_85' title='bbox 516 1075 733 1112; x_wconf 84' lang='lat' dir='ltr'>nunciatur.</span> <span class='ocrx_word' id='word_1_86' title='bbox 788 1074 974 1120; x_wconf 83' lang='lat' dir='ltr'>Helvetii,</span> <span class='ocrx_word' id='word_1_87' title='bbox 995 1088 1063 1113; x_wconf 89' lang='lat' dir='ltr'>seu</span> <span class='ocrx_word' id='word_1_88' title='bbox 1078 1076 1181 1126; x_wconf 91' lang='lat' dir='ltr'>quod</span> <span class='ocrx_word' id='word_1_89' title='bbox 1200 1077 1312 1114; x_wconf 87' lang='lat' dir='ltr'>timo·</span> 
     </span>
     <span class='ocr_line' id='line_1_14' title="bbox 166 1135 1310 1185; baseline 0.003 -15"><span class='ocrx_word' id='word_1_90' title='bbox 166 1148 206 1171; x_wconf 88' lang='lat' dir='ltr'>re</span> <span class='ocrx_word' id='word_1_91' title='bbox 225 1137 449 1185; x_wconf 88' lang='lat' dir='ltr'>perterritos</span> <span class='ocrx_word' id='word_1_92' title='bbox 470 1135 665 1173; x_wconf 86' lang='lat' dir='ltr'>Romanos</span> <span class='ocrx_word' id='word_1_93' title='bbox 686 1136 885 1173; x_wconf 84' lang='lat' dir='ltr'>discedere</span> <span class='ocrx_word' id='word_1_94' title='bbox 906 1148 928 1173; x_wconf 90' lang='lat' dir='ltr'>a</span> <span class='ocrx_word' id='word_1_95' title='bbox 956 1149 998 1173; x_wconf 90' lang='lat' dir='ltr'>se</span> <span class='ocrx_word' id='word_1_96' title='bbox 1028 1136 1310 1183; x_wconf 83' lang='lat' dir='ltr'>existimarent,</span> 
     </span>
     <span class='ocr_line' id='line_1_15' title="bbox 164 1196 1308 1248; baseline 0.003 -17"><span class='ocrx_word' id='word_1_97' title='bbox 164 1208 210 1232; x_wconf 88' lang='lat' dir='ltr'>eo</span> <span class='ocrx_word' id='word_1_98' title='bbox 243 1196 363 1246; x_wconf 86' lang='lat' dir='ltr'>magis</span> <span class='ocrx_word' id='word_1_99' title='bbox 393 1196 496 1247; x_wconf 90' lang='lat' dir='ltr'>quod</span> <span class='ocrx_word' id='word_1_100' title='bbox 528 1196 664 1247; x_wconf 87' lang='lat' dir='ltr'>pridie,</span> <span class='ocrx_word' id='word_1_101' title='bbox 697 1196 956 1247; x_wconf 89' lang='lat' dir='ltr'>superioribus</span> <span class='ocrx_word' id='word_1_102' title='bbox 975 1197 1069 1234; x_wconf 88' lang='lat' dir='ltr'>locis</span> <span class='ocrx_word' id='word_1_103' title='bbox 1096 1198 1308 1248; x_wconf 86' lang='lat' dir='ltr'>occupatis,</span> 
     </span>
     <span class='ocr_line' id='line_1_16' title="bbox 163 1256 1310 1307; baseline 0.003 -15"><span class='ocrx_word' id='word_1_104' title='bbox 163 1256 349 1306; x_wconf 86' lang='lat' dir='ltr'>proelium</span> <span class='ocrx_word' id='word_1_105' title='bbox 366 1270 442 1294; x_wconf 87' lang='lat' dir='ltr'>non</span> <span class='ocrx_word' id='word_1_106' title='bbox 462 1256 740 1294; x_wconf 84' lang='lat' dir='ltr'>commisissent</span> <span class='ocrx_word' id='word_1_107' title='bbox 758 1273 766 1300; x_wconf 91' lang='grc'>;</span> <span class='ocrx_word' id='word_1_108' title='bbox 785 1257 863 1294; x_wconf 89' lang='lat' dir='ltr'>sive</span> <span class='ocrx_word' id='word_1_109' title='bbox 883 1269 944 1302; x_wconf 88' lang='lat' dir='ltr'>eo,</span> <span class='ocrx_word' id='word_1_110' title='bbox 961 1257 1064 1307; x_wconf 91' lang='lat' dir='ltr'>quod</span> <span class='ocrx_word' id='word_1_111' title='bbox 1078 1270 1120 1294; x_wconf 90' lang='lat' dir='ltr'>re</span> <span class='ocrx_word' id='word_1_112' title='bbox 1139 1257 1310 1295; x_wconf 84' lang='lat' dir='ltr'>frumen·</span> 
     </span>
     <span class='ocr_line' id='line_1_17' title="bbox 162 1317 1309 1368; baseline 0.002 -15"><span class='ocrx_word' id='word_1_113' title='bbox 162 1317 258 1354; x_wconf 84' lang='lat' dir='ltr'>taria</span> <span class='ocrx_word' id='word_1_114' title='bbox 277 1317 482 1355; x_wconf 88' lang='lat' dir='ltr'>intercludi</span> <span class='ocrx_word' id='word_1_115' title='bbox 496 1331 609 1368; x_wconf 88' lang='lat' dir='ltr'>posse</span> <span class='ocrx_word' id='word_1_116' title='bbox 625 1317 887 1362; x_wconf 89' lang='lat' dir='ltr'>confiderent;</span> <span class='ocrx_word' id='word_1_117' title='bbox 918 1324 1154 1356; x_wconf 83' lang='lat' dir='ltr'>commutato</span> <span class='ocrx_word' id='word_1_118' title='bbox 1184 1318 1309 1355; x_wconf 88' lang='lat' dir='ltr'>consi-</span> 
     </span>
     <span class='ocr_line' id='line_1_18' title="bbox 162 1378 1310 1430; baseline 0.002 -15"><span class='ocrx_word' id='word_1_119' title='bbox 162 1378 227 1425; x_wconf 90' lang='lat' dir='ltr'>lio,</span> <span class='ocrx_word' id='word_1_120' title='bbox 247 1387 362 1429; x_wconf 92' lang='lat' dir='ltr'>atque</span> <span class='ocrx_word' id='word_1_121' title='bbox 381 1379 517 1417; x_wconf 86' lang='lat' dir='ltr'>itinere</span> <span class='ocrx_word' id='word_1_122' title='bbox 538 1392 738 1425; x_wconf 90' lang='lat' dir='ltr'>converso,</span> <span class='ocrx_word' id='word_1_123' title='bbox 758 1387 908 1417; x_wconf 86' lang='lat' dir='ltr'>nostros</span> <span class='ocrx_word' id='word_1_124' title='bbox 927 1392 949 1417; x_wconf 88' lang='lat' dir='ltr'>a</span> <span class='ocrx_word' id='word_1_125' title='bbox 968 1379 1172 1417; x_wconf 78' lang='lat' dir='ltr'>novissimo</span> <span class='ocrx_word' id='word_1_126' title='bbox 1191 1381 1310 1430; x_wconf 83' lang='lat' dir='ltr'>agmi-</span> 
     </span>
     <span class='ocr_line' id='line_1_19' title="bbox 161 1438 888 1490; baseline 0.001 -15"><span class='ocrx_word' id='word_1_127' title='bbox 161 1451 210 1476; x_wconf 91' lang='lat' dir='ltr'>ne</span> <span class='ocrx_word' id='word_1_128' title='bbox 224 1438 371 1490; x_wconf 87' lang='lat' dir='ltr'>insequi</span> <span class='ocrx_word' id='word_1_129' title='bbox 390 1451 434 1476; x_wconf 83' lang='lat' dir='ltr'>ac</span> <span class='ocrx_word' id='word_1_130' title='bbox 454 1439 642 1477; x_wconf 83' lang='lat' dir='ltr'>lacessere</span> <span class='ocrx_word' id='word_1_131' title='bbox 662 1447 888 1490; x_wconf 87' lang='lat' dir='ltr'>coeperunt.</span> 
     </span>
    </p>

    <p class='ocr_par' dir='ltr' id='par_1_4' title="bbox 152 1499 1306 2331">
     <span class='ocr_line' id='line_1_20' title="bbox 212 1499 1306 1552; baseline 0.005 -16"><span class='ocrx_word' id='word_1_132' title='bbox 212 1499 359 1537; x_wconf 83' lang='lat' dir='ltr'><strong>XXIV.</strong></span> <span class='ocrx_word' id='word_1_133' title='bbox 437 1499 646 1551; x_wconf 87' lang='lat' dir='ltr'>Postquam</span> <span class='ocrx_word' id='word_1_134' title='bbox 676 1500 715 1536; x_wconf 91' lang='lat' dir='ltr'>id</span> <span class='ocrx_word' id='word_1_135' title='bbox 746 1500 1028 1547; x_wconf 86' lang='lat' dir='ltr'>animadvertit,</span> <span class='ocrx_word' id='word_1_136' title='bbox 1060 1502 1189 1552; x_wconf 78' lang='lat' dir='ltr'>copIas</span> <span class='ocrx_word' id='word_1_137' title='bbox 1219 1515 1306 1541; x_wconf 76' lang='lat' dir='ltr'>suas</span> 
     </span>
     <span class='ocr_line' id='line_1_21' title="bbox 161 1560 1306 1614; baseline 0.002 -15"><span class='ocrx_word' id='word_1_138' title='bbox 161 1562 303 1599; x_wconf 85' lang='lat' dir='ltr'>Caesar</span> <span class='ocrx_word' id='word_1_139' title='bbox 322 1561 360 1598; x_wconf 89' lang='lat' dir='ltr'>in</span> <span class='ocrx_word' id='word_1_140' title='bbox 379 1560 596 1612; x_wconf 86' lang='lat' dir='ltr'>proximum</span> <span class='ocrx_word' id='word_1_141' title='bbox 617 1561 755 1599; x_wconf 86' lang='lat' dir='ltr'>collem</span> <span class='ocrx_word' id='word_1_142' title='bbox 774 1562 971 1605; x_wconf 88' lang='lat' dir='ltr'>subducit;</span> <span class='ocrx_word' id='word_1_143' title='bbox 1001 1562 1306 1614; x_wconf 85' lang='lat' dir='ltr'>equitatumque,</span> 
     </span>
     <span class='ocr_line' id='line_1_22' title="bbox 158 1622 1304 1674; baseline 0.002 -15"><span class='ocrx_word' id='word_1_144' title='bbox 158 1623 224 1674; x_wconf 91' lang='lat' dir='ltr'>qui</span> <span class='ocrx_word' id='word_1_145' title='bbox 242 1622 447 1660; x_wconf 84' lang='lat' dir='ltr'>sustineret</span> <span class='ocrx_word' id='word_1_146' title='bbox 465 1622 633 1660; x_wconf 88' lang='lat' dir='ltr'>hostium</span> <span class='ocrx_word' id='word_1_147' title='bbox 653 1623 852 1673; x_wconf 86' lang='lat' dir='ltr'>impetum,</span> <span class='ocrx_word' id='word_1_148' title='bbox 871 1622 987 1660; x_wconf 86' lang='lat' dir='ltr'>misit.</span> <span class='ocrx_word' id='word_1_149' title='bbox 1029 1623 1118 1674; x_wconf 90' lang='lat' dir='ltr'>Ipse</span> <span class='ocrx_word' id='word_1_150' title='bbox 1139 1624 1304 1671; x_wconf 88' lang='lat' dir='ltr'>interim,</span> 
     </span>
     <span class='ocr_line' id='line_1_23' title="bbox 156 1682 1304 1735; baseline 0.003 -16"><span class='ocrx_word' id='word_1_151' title='bbox 156 1683 195 1720; x_wconf 90' lang='lat' dir='ltr'>in</span> <span class='ocrx_word' id='word_1_152' title='bbox 210 1684 307 1721; x_wconf 89' lang='lat' dir='ltr'>colle</span> <span class='ocrx_word' id='word_1_153' title='bbox 320 1683 459 1728; x_wconf 86' lang='lat' dir='ltr'>medio,</span> <span class='ocrx_word' id='word_1_154' title='bbox 472 1682 660 1733; x_wconf 87' lang='lat' dir='ltr'>triplicem</span> <span class='ocrx_word' id='word_1_155' title='bbox 674 1683 795 1720; x_wconf 86' lang='lat' dir='ltr'>aciem</span> <span class='ocrx_word' id='word_1_156' title='bbox 809 1683 992 1720; x_wconf 83' lang='lat' dir='ltr'>instruxit</span> <span class='ocrx_word' id='word_1_157' title='bbox 1003 1684 1198 1734; x_wconf 85' lang='lat' dir='ltr'>legionum</span> <span class='ocrx_word' id='word_1_158' title='bbox 1212 1698 1304 1735; x_wconf 87' lang='lat' dir='ltr'>qua-</span> 
     </span>
     <span class='ocr_line' id='line_1_24' title="bbox 156 1744 1304 1796; baseline 0 -13"><span class='ocrx_word' id='word_1_159' title='bbox 156 1752 242 1783; x_wconf 87' lang='lat' dir='ltr'>tuor</span> <span class='ocrx_word' id='word_1_160' title='bbox 258 1752 539 1790; x_wconf 84' lang='lat' dir='ltr'>veteranarum,</span> <span class='ocrx_word' id='word_1_161' title='bbox 554 1745 620 1790; x_wconf 88' lang='lat' dir='ltr'>ita,</span> <span class='ocrx_word' id='word_1_162' title='bbox 641 1744 696 1781; x_wconf 87' lang='lat' dir='ltr'>uti</span> <span class='ocrx_word' id='word_1_163' title='bbox 712 1757 827 1796; x_wconf 87' lang='lat' dir='ltr'>supra</span> <span class='ocrx_word' id='word_1_164' title='bbox 846 1757 886 1781; x_wconf 87' lang='lat' dir='ltr'>se</span> <span class='ocrx_word' id='word_1_165' title='bbox 902 1744 940 1781; x_wconf 89' lang='lat' dir='ltr'>in</span> <span class='ocrx_word' id='word_1_166' title='bbox 959 1757 1107 1782; x_wconf 89' lang='lat' dir='ltr'>summo</span> <span class='ocrx_word' id='word_1_167' title='bbox 1118 1747 1215 1796; x_wconf 87' lang='lat' dir='ltr'>jugo</span> <span class='ocrx_word' id='word_1_168' title='bbox 1235 1747 1304 1783; x_wconf 88' lang='lat' dir='ltr'>du-</span> 
     </span>
     <span class='ocr_line' id='line_1_25' title="bbox 156 1805 1304 1858; baseline 0 -14"><span class='ocrx_word' id='word_1_169' title='bbox 156 1819 197 1844; x_wconf 85' lang='lat' dir='ltr'>as</span> <span class='ocrx_word' id='word_1_170' title='bbox 220 1807 407 1858; x_wconf 82' lang='lat' dir='ltr'>legiones,</span> <span class='ocrx_word' id='word_1_171' title='bbox 441 1819 533 1857; x_wconf 87' lang='lat' dir='ltr'>quas</span> <span class='ocrx_word' id='word_1_172' title='bbox 565 1806 604 1842; x_wconf 88' lang='lat' dir='ltr'>in</span> <span class='ocrx_word' id='word_1_173' title='bbox 638 1805 764 1843; x_wconf 82' lang='lat' dir='ltr'>Gallia</span> <span class='ocrx_word' id='word_1_174' title='bbox 796 1806 974 1843; x_wconf 70' lang='lat' dir='ltr'>citeriore</span> <span class='ocrx_word' id='word_1_175' title='bbox 1003 1806 1178 1857; x_wconf 87' lang='lat' dir='ltr'>proxime</span> <span class='ocrx_word' id='word_1_176' title='bbox 1212 1820 1304 1844; x_wconf 91' lang='lat' dir='ltr'>con-</span> 
     </span>
     <span class='ocr_line' id='line_1_26' title="bbox 154 1865 1304 1917; baseline 0 -13"><span class='ocrx_word' id='word_1_177' title='bbox 154 1868 376 1917; x_wconf 79' lang='lat' dir='ltr'>scripserat,</span> <span class='ocrx_word' id='word_1_178' title='bbox 392 1873 432 1903; x_wconf 90' lang='lat' dir='ltr'>et</span> <span class='ocrx_word' id='word_1_179' title='bbox 445 1865 571 1903; x_wconf 89' lang='lat' dir='ltr'>omnia</span> <span class='ocrx_word' id='word_1_180' title='bbox 583 1866 726 1903; x_wconf 82' lang='lat' dir='ltr'>auxilia</span> <span class='ocrx_word' id='word_1_181' title='bbox 745 1866 953 1903; x_wconf 88' lang='lat' dir='ltr'>collocaret</span> <span class='ocrx_word' id='word_1_182' title='bbox 967 1882 976 1909; x_wconf 88' lang='lat'>;</span> <span class='ocrx_word' id='word_1_183' title='bbox 995 1879 1040 1903; x_wconf 90' lang='lat' dir='ltr'>ac</span> <span class='ocrx_word' id='word_1_184' title='bbox 1054 1873 1178 1904; x_wconf 87' lang='lat' dir='ltr'>toturn</span> <span class='ocrx_word' id='word_1_185' title='bbox 1196 1880 1304 1904; x_wconf 81' lang='lat' dir='ltr'>mon-</span> 
     </span>
     <span class='ocr_line' id='line_1_27' title="bbox 154 1927 1305 1978; baseline 0 -12"><span class='ocrx_word' id='word_1_186' title='bbox 154 1936 233 1966; x_wconf 90' lang='lat' dir='ltr'>tem</span> <span class='ocrx_word' id='word_1_187' title='bbox 253 1928 470 1965; x_wconf 87' lang='lat' dir='ltr'>hominibus</span> <span class='ocrx_word' id='word_1_188' title='bbox 491 1928 689 1978; x_wconf 88' lang='lat' dir='ltr'>compleri,</span> <span class='ocrx_word' id='word_1_189' title='bbox 709 1935 748 1965; x_wconf 89' lang='lat' dir='ltr'>et</span> <span class='ocrx_word' id='word_1_190' title='bbox 766 1927 914 1965; x_wconf 87' lang='lat' dir='ltr'>interea</span> <span class='ocrx_word' id='word_1_191' title='bbox 931 1927 1098 1965; x_wconf 85' lang='lat' dir='ltr'>sarcinas</span> <span class='ocrx_word' id='word_1_192' title='bbox 1127 1927 1165 1964; x_wconf 92' lang='lat' dir='ltr'>in</span> <span class='ocrx_word' id='word_1_193' title='bbox 1185 1941 1305 1967; x_wconf 88' lang='lat' dir='ltr'>unum</span> 
     </span>
     <span class='ocr_line' id='line_1_28' title="bbox 153 1988 1302 2040; baseline 0.001 -14"><span class='ocrx_word' id='word_1_194' title='bbox 153 1990 281 2028; x_wconf 85' lang='lat' dir='ltr'>locum</span> <span class='ocrx_word' id='word_1_195' title='bbox 314 1989 494 2035; x_wconf 81' lang='lat' dir='ltr'>conferri,</span> <span class='ocrx_word' id='word_1_196' title='bbox 525 1996 564 2026; x_wconf 89' lang='lat' dir='ltr'>et</span> <span class='ocrx_word' id='word_1_197' title='bbox 583 2002 669 2026; x_wconf 86' lang='lat' dir='ltr'>eum</span> <span class='ocrx_word' id='word_1_198' title='bbox 690 1990 737 2026; x_wconf 88' lang='lat' dir='ltr'>ab</span> <span class='ocrx_word' id='word_1_199' title='bbox 756 1989 828 2034; x_wconf 83' lang='lat' dir='ltr'>his,</span> <span class='ocrx_word' id='word_1_200' title='bbox 860 1988 924 2039; x_wconf 91' lang='lat' dir='ltr'>qui</span> <span class='ocrx_word' id='word_1_201' title='bbox 945 1989 983 2025; x_wconf 90' lang='lat' dir='ltr'>in</span> <span class='ocrx_word' id='word_1_202' title='bbox 1001 1988 1199 2040; x_wconf 86' lang='lat' dir='ltr'>superiore</span> <span class='ocrx_word' id='word_1_203' title='bbox 1218 1989 1302 2027; x_wconf 84' lang='lat' dir='ltr'>acie</span> 
     </span>
     <span class='ocr_line' id='line_1_29' title="bbox 153 2049 1299 2099; baseline -0.001 -11"><span class='ocrx_word' id='word_1_204' title='bbox 153 2050 418 2096; x_wconf 86' lang='lat' dir='ltr'>constiterant,</span> <span class='ocrx_word' id='word_1_205' title='bbox 451 2050 591 2087; x_wconf 86' lang='lat' dir='ltr'>muniri</span> <span class='ocrx_word' id='word_1_206' title='bbox 604 2049 732 2099; x_wconf 82' lang='lat' dir='ltr'>jussit.</span> <span class='ocrx_word' id='word_1_207' title='bbox 787 2049 973 2096; x_wconf 88' lang='lat' dir='ltr'>Helvetii,</span> <span class='ocrx_word' id='word_1_208' title='bbox 1007 2063 1095 2087; x_wconf 88' lang='lat' dir='ltr'>cum</span> <span class='ocrx_word' id='word_1_209' title='bbox 1124 2051 1299 2087; x_wconf 89' lang='lat' dir='ltr'>omnibus</span> 
     </span>
     <span class='ocr_line' id='line_1_30' title="bbox 153 2110 1301 2161; baseline -0.001 -13"><span class='ocrx_word' id='word_1_210' title='bbox 153 2112 231 2149; x_wconf 89' lang='lat' dir='ltr'>suis</span> <span class='ocrx_word' id='word_1_211' title='bbox 251 2111 367 2149; x_wconf 89' lang='lat' dir='ltr'>carris</span> <span class='ocrx_word' id='word_1_212' title='bbox 385 2111 522 2157; x_wconf 85' lang='lat' dir='ltr'>secuti,</span> <span class='ocrx_word' id='word_1_213' title='bbox 541 2110 815 2161; x_wconf 86' lang='lat' dir='ltr'>impedimenta</span> <span class='ocrx_word' id='word_1_214' title='bbox 828 2111 865 2148; x_wconf 86' lang='lat' dir='ltr'>in</span> <span class='ocrx_word' id='word_1_215' title='bbox 885 2123 1004 2148; x_wconf 86' lang='lat' dir='ltr'>unum</span> <span class='ocrx_word' id='word_1_216' title='bbox 1020 2111 1148 2148; x_wconf 91' lang='lat' dir='ltr'>locum</span> <span class='ocrx_word' id='word_1_217' title='bbox 1163 2118 1301 2148; x_wconf 87' lang='lat' dir='ltr'>contu-</span> 
     </span>
     <span class='ocr_line' id='line_1_31' title="bbox 152 2171 1298 2223; baseline 0 -14"><span class='ocrx_word' id='word_1_218' title='bbox 152 2173 294 2210; x_wconf 88' lang='lat' dir='ltr'>lerunt.</span> <span class='ocrx_word' id='word_1_219' title='bbox 326 2172 411 2222; x_wconf 89' lang='lat' dir='ltr'>ipsi,</span> <span class='ocrx_word' id='word_1_220' title='bbox 427 2171 706 2210; x_wconf 82' lang='lat' dir='ltr'>confertissima</span> <span class='ocrx_word' id='word_1_221' title='bbox 724 2172 807 2209; x_wconf 89' lang='lat' dir='ltr'>acie</span> <span class='ocrx_word' id='word_1_222' title='bbox 825 2174 970 2221; x_wconf 89' lang='lat' dir='ltr'>rejecto</span> <span class='ocrx_word' id='word_1_223' title='bbox 1001 2179 1132 2209; x_wconf 89' lang='lat' dir='ltr'>nostro</span> <span class='ocrx_word' id='word_1_224' title='bbox 1150 2172 1298 2223; x_wconf 91' lang='lat' dir='ltr'>equita-</span> 
     </span>
     <span class='ocr_line' id='line_1_32' title="bbox 152 2231 1298 2283; baseline -0.001 -12"><span class='ocrx_word' id='word_1_225' title='bbox 152 2241 209 2279; x_wconf 89' lang='lat' dir='ltr'>tu,</span> <span class='ocrx_word' id='word_1_226' title='bbox 241 2233 432 2283; x_wconf 84' lang='lat' dir='ltr'>phalange</span> <span class='ocrx_word' id='word_1_227' title='bbox 464 2231 579 2277; x_wconf 81' lang='lat' dir='ltr'>facta,</span> <span class='ocrx_word' id='word_1_228' title='bbox 612 2233 681 2269; x_wconf 88' lang='lat' dir='ltr'>sub</span> <span class='ocrx_word' id='word_1_229' title='bbox 702 2233 862 2283; x_wconf 85' lang='lat' dir='ltr'>primam</span> <span class='ocrx_word' id='word_1_230' title='bbox 881 2240 1052 2270; x_wconf 88' lang='lat' dir='ltr'>nostram</span> <span class='ocrx_word' id='word_1_231' title='bbox 1070 2232 1193 2271; x_wconf 84' lang='lat' dir='ltr'>aciem</span> <span class='ocrx_word' id='word_1_232' title='bbox 1212 2245 1298 2270; x_wconf 90' lang='lat' dir='ltr'>suc-</span> 
     </span>
     <span class='ocr_line' id='line_1_33' title="bbox 153 2301 364 2331; baseline 0 -1"><span class='ocrx_word' id='word_1_233' title='bbox 153 2301 364 2331; x_wconf 77' lang='lat' dir='ltr'>cesserunt.</span> 
     </span>
    </p>

    <p class='ocr_par' dir='ltr' id='par_1_5' title="bbox 203 2354 1296 2407">
     <span class='ocr_line' id='line_1_34' title="bbox 203 2354 1296 2407; baseline 0.002 -17"><span class='ocrx_word' id='word_1_234' title='bbox 203 2354 326 2391; x_wconf 81' lang='lat' dir='ltr'>XXV.</span> <span class='ocrx_word' id='word_1_235' title='bbox 382 2355 536 2402; x_wconf 84' lang='lat' dir='ltr'>Caesar,</span> <span class='ocrx_word' id='word_1_236' title='bbox 563 2355 727 2407; x_wconf 86' lang='lat' dir='ltr'>primum</span> <span class='ocrx_word' id='word_1_237' title='bbox 759 2367 843 2402; x_wconf 89' lang='lat' dir='ltr'>suo,</span> <span class='ocrx_word' id='word_1_238' title='bbox 873 2355 1012 2394; x_wconf 89' lang='lat' dir='ltr'>deinde</span> <span class='ocrx_word' id='word_1_239' title='bbox 1044 2355 1215 2393; x_wconf 86' lang='lat' dir='ltr'>omnium</span> <span class='ocrx_word' id='word_1_240' title='bbox 1246 2366 1296 2393; x_wconf 83' lang='lat' dir='ltr'>ex</span> 
     </span>
    </p>
   </div>
  </div>
 </body>
</html>
