1556 2683
238 277 314 313 5204·
530 276 604 313 DE
633 275 811 313 BELLO
841 275 1083 313 GALLICO

236 386 308 424 rat,
339 386 379 415 ut
399 379 446 415 de
465 378 559 415 locis
578 379 836 429 superioribus
855 379 951 416 haec
977 378 1138 415 declivia
1157 384 1196 413 et
1228 376 1377 413 devexa.

235 440 505 485 cernebantur,
545 440 674 476 hostes
702 440 886 490 proelium
922 439 1178 476 committunt.
1244 437 1376 475 Utrin-

236 512 310 549 que
343 499 509 537 clamore
530 500 694 546 sublato,
727 501 873 549 excipit
906 511 1034 536 rursus
1064 513 1113 537 ex
1144 499 1242 535 vallo
1262 506 1376 547 atque

235 559 409 596 omnibus
428 560 705 597 munitionibus
726 562 881 598 clamor.
928 560 1072 605 Nostri,
1107 559 1253 596 omissis
1272 559 1373 608 pilis,

233 620 369 670 gladiis
401 634 480 658 rem
501 629 652 670 gerunt.
708 621 884 672 Repente
904 630 989 671 post
1017 628 1166 670 tergum
1188 621 1379 671 equitatus

235 683 427 720 cernitur:
451 684 631 719 cohortes
650 682 745 719 aliae
765 682 1097 732 appropinquant:
1125 682 1254 719 hostes
1270 689 1381 730 terga

233 750 410 781 vertunt:
429 743 666 793 fugientibus
681 744 829 793 equites
844 751 1069 780 occurrunt:
1085 743 1127 780 fit
1142 756 1281 793 magna
1293 754 1380 779 cae-

234 804 317 841 des:
352 804 542 849 Sedulius,
576 804 655 841 dux
675 812 713 841 et
732 805 912 854 princeps
940 804 1206 849 Lemovicum,
1235 802 1378 840 occidi-

232 872 317 902 tur:
347 864 658 913 Vergasillaunus
694 866 890 901 Arvernus
909 864 1016 901 vivus
1036 865 1073 900 in
1093 863 1185 913 fuga
1203 876 1376 912 compre-

234 926 433 964 henditur:
454 925 561 976 signa
580 926 758 963 militaria
777 937 908 962 Lxxiv
923 925 971 962 ad
986 925 1189 962 Caesarem
1209 923 1380 961 referun-

232 995 318 1024 tur:
347 986 459 1037 pauci
491 1000 539 1024 ex
560 994 667 1024 tanto
696 999 855 1024 numero
886 1000 925 1024 se
946 986 1156 1023 incolumes
1189 985 1227 1021 in
1256 991 1382 1022 castra

230 1048 437 1098 recipiunt.
491 1047 713 1098 Conspicati
742 1060 792 1084 ex
821 1047 962 1098 oppido
992 1046 1149 1084 caedem
1183 1053 1223 1083 et
1250 1045 1382 1095 fugam

232 1122 402 1154 suorum,
430 1109 634 1159 desperata
652 1109 788 1154 salute,
820 1109 948 1158 copias
968 1121 990 1144 a
1014 1106 1290 1144 munitionibus
1320 1120 1380 1144 re-

232 1170 396 1208 ducunt.
452 1169 511 1206 Fit
531 1169 720 1220 protinus,
748 1169 820 1206 hac
840 1182 881 1206 re
901 1168 1044 1213 audita,
1065 1182 1115 1205 ex
1136 1167 1267 1205 castris
1288 1167 1381 1205 Gal-

231 1231 355 1269 lorum
370 1232 471 1281 suga.
527 1230 641 1273 Quod
658 1230 727 1266 nisi
745 1230 888 1267 crebris
903 1229 1093 1273 subsidiis,
1111 1241 1156 1266 ac
1171 1229 1289 1266 totius
1305 1228 1382 1265 diei

231 1293 377 1338 labore,
406 1293 545 1329 milites
565 1299 693 1328 essent
718 1291 872 1335 defessi,
893 1302 1025 1327 omnes
1051 1289 1218 1326 hostium
1247 1289 1381 1339 copiae

233 1354 353 1391 deleri
373 1353 598 1405 potuissent.
653 1353 715 1388 De
734 1351 862 1388 media
880 1358 995 1388 nocte
1020 1350 1155 1387 missus
1185 1351 1379 1401 equitatus

232 1414 480 1452 novissimum
496 1426 635 1463 agmen
651 1412 917 1463 consequitur:
938 1424 1099 1461 magnus
1119 1424 1300 1448 numerus
1316 1424 1378 1449 ca-

233 1477 351 1527 pitur,
383 1483 499 1526 atque
519 1474 769 1517 interficitur;
802 1473 939 1524 reliqui
958 1486 1009 1510 ex
1036 1472 1129 1522 fuga
1148 1473 1186 1509 in
1207 1473 1381 1511 civitates

240 1537 459 1574 discedunt.

283 1598 509 1635 LXXXIX.
563 1597 723 1635 Postero
761 1597 822 1634 die
860 1596 1175 1646 Vercingetorix,
1213 1597 1377 1635 concilio

231 1666 458 1704 convocato,
487 1658 525 1696 id
543 1671 584 1695 se
604 1659 746 1695 bellum
777 1657 989 1708 suscepisse
1020 1671 1097 1695 non
1130 1671 1283 1695 suarum
1310 1670 1378 1695 ne-

229 1720 467 1765 cessitatum,
500 1720 567 1757 sed
587 1720 799 1757 communis
829 1719 1031 1763 libertatis,
1065 1731 1200 1755 caussa
1223 1719 1380 1756 demon-

234 1789 352 1825 strat;
380 1789 432 1827 et,
453 1781 633 1831 quoniam
652 1780 701 1817 sit
718 1780 895 1818 fortunae
915 1780 1146 1825 cedendum,
1172 1779 1221 1816 ad
1240 1786 1382 1816 utram-

235 1856 310 1894 que
330 1856 411 1880 rem
431 1855 471 1879 se
490 1842 563 1878 illis
583 1841 734 1887 offerre,
754 1854 822 1878 seu
841 1849 964 1877 morte
984 1853 1052 1877 sua
1073 1840 1256 1876 Romanis
1276 1840 1384 1876 satis-

232 1904 375 1949 facere,
408 1916 476 1941 seu
495 1903 622 1939 vivum
641 1902 807 1948 tradere,
840 1901 970 1938 velint.
1024 1901 1239 1937 Mittuntur
1258 1901 1306 1937 de
1324 1900 1383 1937 his

233 1965 348 2002 rebus
369 1965 417 2002 ad
437 1965 641 2002 Caesarem
661 1963 790 2014 legati.
844 1963 869 2000 J
874 1963 964 1999 ubet
983 1975 1088 1999 arma
1109 1961 1221 2006 tradi,
1241 1961 1383 2011 princi-

231 2040 301 2078 pes
320 2026 495 2077 produci.
548 2025 636 2076 Ipse
653 2025 690 2062 in
709 2025 923 2062 munitione
943 2037 1012 2074 pro
1027 2023 1161 2061 castris
1182 2023 1380 2060 consedit:

232 2100 280 2124 eo
300 2087 418 2125 duces
431 2087 709 2138 producuntur.
766 2085 1066 2135 Vercingetorix
1088 2085 1256 2130 deditur,
1277 2097 1383 2121 arma

232 2151 498 2201 projiciuntur.
568 2148 787 2185 Reservatis
809 2147 958 2184 Aeduis
985 2154 1101 2196 atque
1123 2145 1320 2190 Arvernis,
1353 2144 1384 2181 si

232 2224 301 2262 per
321 2224 387 2248 eos
407 2211 581 2248 civitates
598 2221 826 2259 recuperare
847 2215 989 2259 posset,
1015 2221 1063 2244 ex
1083 2207 1238 2257 reliquis
1258 2205 1379 2256 capti-

231 2273 288 2309 vis
308 2279 390 2309 toto
411 2271 587 2310 exercitu
606 2271 733 2322 eapite.
751 2270 901 2320 singula
931 2269 1098 2320 praedae
1118 2267 1272 2306 nomine
1305 2266 1380 2303 dis-

235 2333 380 2371 tribuit.
