1556 2683
297 212 345 249 78
599 208 674 245 DE
712 207 890 246 BELLO
931 206 1176 246 GALLICO

287 312 535 357 sustinerent,
567 312 694 362 quoad
714 312 794 362 ipse
824 325 911 350 cum
931 312 1107 349 exercitu
1127 310 1283 362 propius
1302 323 1431 350 acces-

289 373 409 411 sisset.

340 434 433 471 XII.
489 435 544 471 At
563 434 707 479 hostes,
735 435 799 472 ubi
819 434 982 485 primum
1002 442 1156 472 nostros
1175 434 1324 485 equites
1344 448 1436 473 con-

288 502 513 546 spexerunt,
548 509 711 546 quorum
730 503 812 533 erat
843 507 869 533 V
901 496 1061 533 millium
1089 508 1286 542 numerus,
1319 508 1436 546 quum

288 557 359 607 ipsi
380 569 454 593 non
476 557 636 607 amplius
656 569 759 594 Dccc
780 557 931 608 equites
950 558 1151 603 haberent,
1181 557 1285 608 quod
1305 557 1345 603 ii,
1369 557 1436 607 qui

288 619 547 656 frumentandi
570 632 703 656 caussa
733 620 858 657 ierant
876 628 979 657 trans
1001 620 1165 665 Mosam,
1188 620 1355 656 nondum
1377 631 1436 656 re-

288 680 463 723 dierant3
492 680 584 717 nihil
606 682 830 718 timentibus
850 682 1001 726 nostris,
1031 682 1135 732 quod
1164 681 1281 731 legati
1301 693 1435 718 eorum

287 742 417 792 paullo
437 748 526 779 ante
542 755 564 779 a
580 742 746 780 Caesare
766 743 1036 788 discesserant,
1049 750 1164 793 atque
1185 743 1215 780 is
1230 743 1312 780 dies
1327 741 1438 778 indu-

289 803 356 841 ciis
377 810 457 840 erat
477 804 524 840 ab
541 804 594 840 eis
615 805 770 855 petitus,
791 804 936 855 impetu
954 803 1072 849 facto,
1094 804 1270 842 celeriter
1287 809 1439 840 nostros

287 865 620 916 perturbaverunt.
650 878 779 902 rursus
808 865 1073 902 resistentibus
1093 865 1246 909 nostris,
1280 876 1441 901 consue-

287 925 422 963 tudine
450 938 518 962 sua
537 925 585 962 ad
606 926 724 976 pedes
744 926 1004 969 desiluerunt3
1031 926 1289 975 subfossisque
1317 925 1440 975 equis,

289 987 626 1038 compluribusque
658 988 797 1025 nostris
829 987 1003 1037 dejectis,
1038 987 1205 1037 reliquos
1237 986 1274 1022 in
1306 986 1440 1036 fugam

287 1050 555 1098 conjecerunt,
587 1055 701 1098 atque
734 1048 788 1086 ita
817 1048 1042 1099 perterritos
1076 1055 1255 1098 egerunt,
1289 1054 1332 1084 ut
1362 1061 1442 1085 non

286 1110 393 1161 prius
419 1109 511 1157 fuga
530 1109 774 1155 desisterent,
806 1122 919 1159 quarn
948 1110 986 1145 in
1009 1117 1261 1159 conspectum
1280 1108 1442 1158 agminis

287 1171 409 1208 nostri
444 1171 649 1208 venissent.
703 1171 749 1208 In
768 1184 815 1207 eo
842 1171 989 1221 proelio
1008 1184 1056 1208 ex
1077 1171 1270 1221 equitibus
1300 1170 1441 1207 nostris

288 1232 575 1270 interficiuntur
596 1244 644 1269 1v
664 1240 703 1270 et
724 1244 815 1268 Lxx.
848 1233 885 1268 in
907 1233 963 1269 his
983 1233 1039 1269 vir
1059 1232 1302 1277 fortissimus,
1337 1231 1441 1277 Piso,

288 1293 526 1342 Aquitanus,
559 1294 792 1344 amplissimo
825 1306 967 1344 genere
995 1301 1121 1339 natus,
1156 1295 1265 1342 cujus
1294 1305 1385 1329 avus
1405 1292 1444 1328 in

297 1355 452 1392 civitate
468 1367 534 1392 sua
550 1368 712 1406 regnum
729 1355 960 1400 obtinuerat,
980 1355 1124 1392 amicus
1139 1356 1186 1392 ab
1203 1361 1336 1391 senatu
1357 1365 1445 1390 nos-

287 1422 347 1453 tro
367 1417 592 1467 appellatus.
647 1416 741 1461 Hic,
762 1429 879 1466 quum
899 1416 1005 1452 fratri
1022 1417 1231 1453 intercluso
1253 1416 1299 1452 ab
1319 1414 1441 1452 hosti-

287 1477 358 1515 bus
378 1478 564 1515 auxilium
584 1477 716 1524 ferret,
745 1477 850 1515 illum
880 1490 929 1514 ex
952 1478 1124 1528 periculo
1152 1478 1317 1527 eripuit;
1347 1488 1442 1527 ipse,

290 1551 392 1589 equo
408 1540 609 1577 vulnerato
626 1539 814 1589 dejectus,
834 1540 961 1590 quoad
976 1540 1117 1589 potuit,
1138 1538 1341 1576 fortissime
1363 1551 1442 1575 res-

289 1600 381 1637 titit.
422 1602 550 1642 Quum
569 1601 869 1646 circumventus,
883 1601 1012 1638 multis
1024 1600 1245 1637 vulneribus
1258 1599 1445 1650 acceptis,

291 1662 511 1707 cecidisset,
531 1670 646 1712 atque
668 1662 703 1698 id
718 1661 849 1708 frater,
870 1663 1024 1713 quijam
1044 1660 1191 1711 proelio
1207 1668 1446 1707 excesserat,

292 1723 428 1773 procul
451 1723 794 1768 animadvertisset,
815 1723 974 1761 incitato
994 1734 1110 1773 equo,
1130 1735 1170 1759 se
1186 1723 1359 1760 hostibus
1379 1722 1447 1759 ob-

293 1783 396 1829 tulit,
417 1791 533 1834 atque
555 1784 782 1821 interfectus
811 1792 880 1821 est.

348 1842 458 1880 XIII.
514 1844 603 1882 Hoc
634 1844 737 1882 facto
767 1845 928 1896 proelio,
958 1845 1102 1882 Caesar
1121 1857 1246 1895 neque
1275 1846 1353 1894 jam
1374 1844 1446 1882 sibi

292 1904 442 1955 legatos
480 1906 707 1952 audiendos,
745 1919 871 1957 neque
909 1906 1152 1943 condit·ones
1185 1906 1444 1956 accipiendas,

291 1966 563 2011 arbitrabatur,
595 1969 641 2003 al)
663 1968 733 2009 his,
763 1968 827 2018 qui
860 1981 928 2017 per
959 1968 1089 2004 dolum
1122 1976 1238 2017 atque
1271 1966 1441 2013 insidias,

291 2028 413 2078 petita
428 2041 536 2078 pace,
557 2029 657 2066 ultro
678 2029 820 2066 bellurn
838 2029 1068 2066 intulissent.
1125 2028 1364 2078 Exspectare
1385 2040 1448 2065 ve-

293 2102 351 2134 ro,
372 2089 463 2126 (lum
484 2090 649 2127 hostium
671 2090 805 2139 copiae
825 2097 1072 2140 augerentur,
1095 2089 1366 2139 equitatusque
1388 2101 1448 2125 re-

294 2159 523 2195 verteretur,
539 2164 709 2188 summae
725 2150 941 2188 dementiae
954 2164 1036 2188 esse
1048 2150 1266 2199 judicabat;
1287 2157 1340 2194 et,
1356 2161 1448 2199 cog-

294 2212 374 2249 nita
388 2213 587 2250 Gallorum
610 2213 843 2257 infirmitate,
864 2220 1047 2261 quantum
1059 2213 1138 2261 jum
1154 2210 1256 2260 apud
1276 2223 1341 2247 eos
1361 2209 1448 2247 lios-

295 2280 353 2311 tes
373 2286 450 2311 uno
477 2274 625 2325 proelio
645 2272 887 2312 auctoritatis
906 2279 1034 2311 essent
1063 2271 1277 2318 consecuti,
1305 2271 1446 2309 sentie-
