1556 2683
640 304 807 343 LIBER
862 304 894 342 1.
1325 307 1349 347 7

193 419 268 460 que
287 407 502 460 legionibus
523 407 577 446 ire
597 409 809 447 contendit.
850 407 909 446 Ibi
931 408 1160 454 Ceutrones,
1179 414 1218 445 et
1234 407 1346 445 Grai-

192 470 306 516 oceli,
327 477 366 507 et
382 469 598 520 Caturiges,
624 470 718 508 locis
733 469 993 522 superioribus
1008 467 1220 519 occupatiS,
1236 468 1348 506 itine-

195 542 237 567 re
265 531 480 568 exercitum
507 531 712 581 prohibere
742 539 943 569 conantur.
999 529 1269 581 Compluribus
1288 529 1348 566 his

194 592 348 640 procliis
367 592 500 642 pulsis,
513 593 560 630 ab
576 592 713 638 Ocelo,
728 592 832 643 quod
847 599 905 631 est
921 591 1108 631 citerioris
1123 590 1345 642 provinciae

193 659 423 699 extremum,
443 654 481 690 in
497 654 592 691 fines
611 653 892 691 Vocontiorum
913 653 1104 691 ulterioris
1122 652 1346 704 provinciae

192 713 253 750 die
284 715 448 766 septimo
476 715 674 765 pervenit;
707 715 794 752 inde
815 715 853 752 in
874 715 1131 765 Allobrogum
1150 713 1270 751 fines:
1298 713 1345 750 ab

194 775 471 826 Allobrogibus
491 777 529 813 in
552 776 783 827 Segusiauos
801 776 1021 814 exercitum
1041 776 1160 814 ducit.
1198 775 1238 812 hi
1257 782 1346 813 sunt

192 844 305 874 extra
322 837 557 887 provinciam
578 845 683 875 trans
704 838 936 875 Rhodanum
956 838 1080 889 primi.

244 898 315 935 XI.
370 899 542 936 Helvetii
571 902 650 950 jam
669 912 737 950 per
755 899 952 950 angustias
972 906 1012 937 et
1030 899 1124 936 fines
1146 898 1344 949 Sequano-

191 974 276 997 rum
296 973 383 998 suas
402 961 531 1012 copias
551 961 862 1007 transduxerant,
886 969 926 999 et
944 961 982 998 in
1003 961 1229 998 Aeduorum
1249 960 1345 998 fines

192 1030 459 1073 pervenerant,
489 1035 700 1072 eorumque
719 1035 831 1072 agros
850 1022 1145 1073 populabantur.
1199 1022 1345 1068 Aedui,

192 1097 309 1134 quum
329 1097 370 1122 se
389 1097 534 1135 suaque
554 1084 601 1121 ab
622 1083 667 1120 iis
686 1083 895 1121 defendere
915 1097 991 1121 non
1006 1091 1177 1134 possent,
1196 1083 1343 1134 legatos

190 1145 240 1182 ad
260 1145 465 1182 Caesarem
485 1144 657 1190 mittunt,
678 1151 852 1195 rogatum
867 1144 1076 1182 auxilium:
1130 1145 1190 1182 Ita
1204 1158 1244 1182 se
1261 1158 1343 1182 om-

188 1206 228 1244 ni
245 1213 422 1256 tempore
441 1206 490 1243 de
519 1206 663 1257 populo
684 1206 859 1243 Romano
878 1206 1035 1243 meritos
1055 1219 1152 1251 esse,
1173 1213 1228 1252 ut,
1248 1219 1340 1256 pae-

190 1281 240 1306 ne
260 1268 298 1306 in
328 1275 541 1319 conspectu
559 1268 755 1306 exercitus
773 1268 909 1314 nostri,
938 1268 1021 1318 agri
1051 1268 1204 1314 vastari,
1233 1267 1345 1305 liberi

191 1342 324 1368 eorum
343 1329 381 1365 in
402 1328 625 1366 servitutem
644 1328 798 1374 abduci,
828 1328 971 1379 oppida
1002 1328 1232 1380 expugnari,
1263 1341 1343 1365 non

190 1390 407 1428 debuerint.
467 1389 617 1428 Eodem
645 1398 819 1442 tempore
839 1391 1036 1437 Ambarri,
1067 1389 1275 1428 necessarii
1304 1396 1346 1427 et

192 1451 470 1502 consanguinei
486 1451 726 1499 Aeduorum,
743 1453 947 1490 Caesarem
961 1453 1165 1490 certiorem
1181 1450 1343 1496 faciunt,

190 1526 289 1561 sese,
309 1513 550 1564 depopulatis
570 1514 686 1563 agris,
711 1527 788 1552 non
806 1513 919 1552 facile
931 1513 979 1550 ab
995 1512 1146 1564 oppidis
1160 1512 1237 1549 vim
1256 1511 1344 1549 hos-

191 1575 286 1614 tium
306 1575 524 1626 prohibere.
577 1575 677 1612 Item
697 1575 943 1624 Allobroges,
976 1575 1041 1625 qui
1060 1582 1164 1612 trans
1184 1573 1343 1611 Rhoda-

192 1650 282 1674 num
301 1637 408 1674 vicos
426 1636 762 1688 possessionesque
781 1636 990 1682 habebant,
1008 1636 1102 1687 fuga
1121 1649 1161 1673 se
1180 1635 1229 1673 ad
1246 1635 1341 1673 Cae-

189 1710 313 1736 sarem
332 1698 539 1748 recipiunt,
559 1705 599 1735 ct
618 1698 896 1744 demonstrant,
916 1698 989 1736 sibi
1006 1705 1161 1748 praeter
1179 1696 1262 1748 agri
1281 1709 1342 1733 so-

188 1761 267 1798 lum
283 1759 377 1797 nihil
396 1772 479 1797 esse
499 1760 651 1812 reliqui.
705 1761 854 1802 Quibus
874 1761 988 1798 rebus
1007 1760 1212 1805 adductus,
1242 1759 1345 1797 Cae-¹

190 1835 251 1860 sar
269 1835 346 1860 non
361 1822 667 1872 exspectandum
686 1822 757 1860 sibi
776 1821 923 1866 statuit,
943 1821 1049 1865 dum,
1069 1820 1246 1858 omnibus
1266 1819 1343 1857 sor·

190 1885 294 1922 tunis
306 1884 498 1922 sociorum
511 1883 735 1931 consumtis,
754 1883 794 1921 in
809 1883 1000 1921 Santonos
1015 1881 1188 1919 Helvetii
1205 1893 1342 1932 perve-

189 1947 329 1984 nirent.

241 2007 334 2046 XII.
389 2007 550 2045 Flumen
569 2015 628 2046 est
649 2008 762 2054 Arar,
793 2007 897 2058 quod
915 2020 984 2058 per
1002 2006 1098 2043 fines
1114 2005 1341 2043 Aeduorum

189 2076 229 2108 et
250 2069 516 2120 Sequanorum
536 2069 575 2107 in
596 2070 827 2108 Rhodanum
846 2069 985 2113 influit,
1013 2067 1228 2106 incredibili
1245 2066 1341 2104 leni-

190 2137 285 2177 tate,
305 2131 359 2168 ita
377 2139 420 2168 ut
439 2132 575 2178 oculis,
595 2132 633 2169 in
653 2139 775 2170 utram
789 2139 938 2182 partem
954 2131 1061 2174 fluat,
1079 2128 1242 2179 judicari
1262 2142 1340 2166 non

190 2191 322 2243 possit.
350 2192 389 2230 id
408 2192 582 2231 Helvetii
598 2193 755 2239 ratibus,
776 2206 821 2231 ac
836 2193 1012 2230 lintribus
1026 2190 1186 2241 junctis,
1202 2190 1340 2228 transi-

188 2253 294 2291 bant.
333 2253 411 2292 Ubi
431 2267 502 2305 per
520 2255 784 2306 exploratores
805 2255 946 2292 Caesar
961 2253 1103 2292 certior
1121 2251 1246 2290 factus
1266 2258 1340 2299 est,

190 2320 267 2351 tres
281 2315 360 2364 jam
381 2316 578 2366 copiarum
609 2324 737 2367 partes
772 2315 971 2353 Helvetios
990 2314 1031 2352 id
1055 2314 1199 2351 flumen
1219 2321 1341 2351 trans-

191 2373 364 2423 duxisse,
378 2384 553 2427 quartam
566 2390 657 2415 vero
677 2385 826 2429 partem
838 2377 936 2416 citra
949 2376 1094 2415 flumen
1108 2375 1262 2414 Arar-im
1281 2389 1341 2415 re-
