1556 2683
338 266 410 303 138
667 263 741 301 DE
780 263 958 302 BELLO
999 264 1243 304 GALLICO

328 369 415 406 loco
435 376 545 406 natus
565 367 754 414 discessit,
782 370 864 418 ejus
882 368 1086 419 propinqui
1103 369 1349 415 conveniunt,
1369 377 1407 408 et
1422 370 1471 408 de

329 437 468 476 morte,
487 430 517 467 si
532 442 592 466 res
607 428 645 465 in
660 428 915 480 suspicionem
934 429 1052 474 venit,
1071 429 1119 466 de
1137 430 1320 467 uxoribus
1335 431 1373 467 in
1392 444 1471 468 ser-

328 493 442 530 vilem
462 491 617 528 modum
636 490 898 540 quaestionem
923 489 1092 533 habent;
1111 498 1163 535 et,
1183 491 1213 528 si
1234 499 1473 543 compertum

329 560 402 599 est,
422 552 499 603 igni
520 559 635 602 atque
656 550 831 587 omnibus
847 550 1045 587 tormentis
1064 551 1307 589 excruciatas
1327 553 1471 590 interfi-

330 614 451 652 ciunt.
493 612 642 649 Funera
657 618 745 648 sunt
760 624 828 661 pro
849 611 956 648 cultu
976 610 1175 648 Gallorum
1195 612 1413 662 magnifica,
1435 622 1474 652 et

329 682 566 726 sumptuosa,
599 673 817 722 omniaque,
854 684 951 722 quae
980 671 1073 708 vivis
1092 672 1199 708 cordi
1227 672 1343 709 fuisse
1372 673 1472 710 arbi-

327 742 493 780 trantur,
512 734 550 770 in
570 733 698 783 ignem
714 731 896 778 inferunt,
916 731 1032 769 etiarn
1052 731 1250 769 animalia:
1280 745 1325 770 ac
1344 734 1474 784 paullo

329 809 444 848 supra
461 796 562 833 hanc
589 794 812 831 memoriam
831 793 931 830 servi
963 800 1001 830 et
1034 793 1209 840 clientes,
1243 807 1338 844 quos
1357 795 1403 832 ab
1424 795 1470 833 iis

327 859 491 896 dilectos
510 869 593 894 esse
607 856 823 901 constabat,
837 854 950 905 justis
964 854 1162 892 funeribus
1178 855 1377 903 confectis,
1397 870 1474 895 una

327 920 609 958 cremabantur.

378 981 468 1019 XX.
523 982 632 1023 Quae
660 978 834 1017 civitates
862 977 1098 1016 commodius
1126 991 1231 1015 suam
1262 981 1470 1030 rempubli-

332 1057 418 1082 cam
436 1042 702 1080 administrare
721 1040 1004 1085 existimantur,
1032 1039 1177 1077 habent
1195 1041 1343 1092 legibus
1365 1056 1474 1081 sanc-

326 1111 423 1149 tum,
454 1102 484 1140 si
510 1102 593 1153 quis
613 1101 704 1153 quid
724 1101 772 1138 de
792 1100 991 1152 republica
1009 1113 1032 1138 a
1056 1101 1226 1138 finitimis
1254 1115 1407 1141 rumore
1427 1116 1473 1141 ac

324 1164 426 1203 fama
444 1163 651 1214 acceperit,
671 1162 727 1199 uti
742 1162 791 1199 ad
805 1161 1069 1211 magistratum
1089 1162 1250 1208 deferat,
1271 1176 1366 1201 neve
1383 1178 1472 1201 cum

326 1240 403 1278 quo
419 1226 493 1264 alio
513 1224 790 1263 communicet:
811 1223 915 1274 quod
928 1235 1043 1273 saepe
1057 1223 1233 1261 homines
1248 1225 1472 1263 temerarios

324 1295 441 1338 atque
461 1287 659 1337 imperitos
677 1285 780 1322 falsis
799 1284 1015 1321 rumoribus
1031 1285 1178 1330 terreri,
1198 1292 1238 1322 et
1257 1285 1305 1323 ad
1322 1286 1471 1324 facinus

322 1349 482 1400 impelli,
503 1356 543 1386 et
560 1348 608 1385 de
627 1346 782 1384 summis
802 1346 915 1383 rebus
936 1345 1138 1383 consilium
1155 1359 1307 1396 capere,
1337 1349 1471 1399 cogni-

324 1417 407 1448 tum
440 1417 511 1447 est.
576 1408 843 1459 Magistratus,
881 1420 978 1457 quae
1008 1406 1088 1444 visa
1117 1414 1219 1453 sunt,
1250 1409 1446 1448 occultant
1462 1425 1473 1455 ;

322 1485 500 1523 quaeque
534 1483 618 1508 esse
651 1482 700 1507 ex
728 1481 799 1505 usu
825 1467 1084 1518 judicaverint
1115 1468 1351 1506 multitudini
1383 1484 1472 1522 pro-

322 1533 433 1570 dunt.
500 1532 563 1569 De
593 1530 805 1582 republica,
833 1528 906 1566 nisi
924 1541 994 1580 per
1013 1529 1234 1577 concilium,
1268 1530 1374 1582 loqui
1394 1545 1471 1569 non

323 1593 564 1632 conceditur.

376 1655 486 1692 XXI.
523 1655 736 1691 GERMANI
756 1652 919 1690 multum
939 1652 985 1690 ab
1003 1651 1075 1690 hac
1096 1653 1375 1692 consuetudine
1398 1655 1470 1692 dif-

321 1716 463 1754 ferunt.
519 1716 618 1753 Nam
637 1726 763 1765 neque
790 1713 960 1750 Druides
989 1714 1146 1760 habent,
1177 1716 1242 1766 qui
1274 1717 1389 1754 rebus
1410 1717 1467 1754 di-

321 1778 417 1815 vinis
448 1778 642 1828 praesint3
674 1789 801 1827 neque
834 1775 1029 1812 sacrificiis
1059 1776 1227 1814 student.
1297 1778 1472 1816 Deorum

321 1850 482 1875 numero
502 1849 568 1874 eos
602 1836 705 1874 solos
733 1836 894 1881 ducunt,
924 1848 1019 1886 quos
1040 1844 1218 1883 cernunt,
1251 1846 1289 1875 et
1309 1852 1471 1890 quorum

321 1906 454 1951 aperte
473 1898 610 1949 opibus
625 1899 823 1947 juvantur,
846 1896 987 1942 Solem,
1007 1904 1047 1934 et
1067 1896 1298 1945 Vulcanum,
1331 1907 1370 1937 et
1390 1899 1469 1938 Lu·

319 1974 431 1999 nam:
452 1959 618 2010 reliquos
638 1971 686 1996 ne
704 1957 806 1995 fama
821 1957 976 2008 quidem
994 1967 1241 2009 acceperunt.
1281 1960 1315 1997 V
1318 1960 1370 1999 ita
1389 1975 1469 1999 om-

319 2022 378 2060 nis
394 2022 432 2058 in
447 2019 729 2065 venationibus,
749 2026 865 2069 atque
884 2019 921 2056 in
941 2019 1075 2057 studiis
1094 2019 1147 2057 rei
1168 2021 1356 2069 militaris,
1376 2036 1469 2060 con-

317 2083 417 2121 sistit
437 2097 446 2119 :
478 2082 526 2119 ab
554 2081 721 2133 parvulis
740 2081 862 2118 labori
894 2093 941 2118 ac
973 2080 1136 2119 duritiae
1169 2083 1338 2120 student.
1392 2085 1469 2126 Qui

316 2144 531 2181 diutissime
563 2143 782 2193 impuberes
801 2150 1108 2192 permanserunt,
1138 2143 1344 2182 maximam
1364 2144 1466 2184 inter

315 2218 405 2243 suos
423 2205 554 2242 ferunt
572 2204 748 2241 laudem:
780 2203 855 2241 hoc
874 2203 924 2241 ali
943 2211 1141 2252 staturam,
1173 2205 1222 2242 ali
1250 2205 1325 2244 hoc
1352 2206 1465 2253 vires,

316 2278 532 2316 nervosque
552 2264 784 2311 confirmari,
804 2271 955 2315 putant.
1008 2265 1116 2303 Intra
1136 2278 1277 2303 annum
1298 2280 1390 2305 vero
1408 2267 1464 2304 vi-

317 2327 501 2365 cesimum
514 2326 679 2365 feminae
694 2325 871 2364 notitiam
891 2326 1082 2374 habuisse,
1103 2327 1141 2365 in
1157 2327 1384 2379 turpissimis
1399 2328 1465 2366 ha-
