1556 2683
303 239 375 276 13¹2
581 239 655 276 DE
696 238 874 288 BELLO
913 239 1156 278 GALLICO

301 341 525 378 transducit.
580 342 685 388 Ubii,
716 343 780 393 qui
808 350 895 380 ante
915 343 1065 380 obsides
1097 342 1296 388 dederant,
1325 351 1440 393 atque

302 401 340 437 in
361 402 595 439 deditionem
614 404 811 448 venerant,
840 404 1030 454 purgandi
1049 404 1106 440 sui
1132 416 1265 440 caussa
1281 404 1329 440 ad
1354 416 1442 440 eum

296 462 444 511 legatos
464 464 634 509 mittunt,
666 464 729 514 qui
750 464 927 509 doceant,
960 477 1085 514 neque
1115 477 1165 501 ex
1197 476 1265 500 sua
1285 463 1441 500 civitate

295 523 439 559 auxilia
458 523 496 559 in
517 524 694 561 Treviros
714 525 840 569 missa,
872 537 997 574 neque
1016 526 1064 562 ab
1085 537 1125 562 se
1144 524 1258 562 fidem
1278 525 1441 562 laesam:

296 590 447 632 petunt,
475 590 591 633 atque
612 592 734 629 orant,
765 592 807 621 ut
826 585 895 621 sibi
915 592 1062 634 parcat,
1096 597 1158 630 ne,
1179 585 1372 622 communi
1399 598 1441 621 o-

295 643 358 680 dio
379 642 677 689 Germanorum,
709 645 935 681 innocentes
963 658 1031 695 pro
1052 646 1281 682 nocentibus
1299 658 1443 695 poenas

295 704 479 754 pendant.
506 705 536 741 si
557 706 718 755 amplius
744 706 919 743 obsidum
938 707 1044 753 velit,
1075 706 1166 743 dare
1198 706 1442 756 pollicentur.

296 765 475 815 Cognita,
507 767 662 812 Caesar,
696 779 843 812 caussa,
868 767 1024 816 reperit,
1057 768 1104 804 ab
1138 767 1271 804 Suevis
1296 766 1440 804 auxilia

292 826 407 864 missa
425 840 532 870 esse;
570 827 760 864 Ubiorum
787 828 1088 864 satisfactionem
1108 827 1288 878 accepit;
1314 827 1441 865 aditus

295 887 451 938 viasque
470 888 507 924 in
530 888 677 925 Suevos
695 888 896 938 perquirit.

346 948 395 985 X.
449 949 624 994 Interim,
656 949 787 998 paucis
817 956 904 999 post
923 949 1071 993 diebus,
1099 949 1142 986 fit
1161 949 1208 986 ab
1229 948 1339 987 Ubiis
1359 963 1442 987 cer-

293 1009 380 1055 tior,
402 1009 547 1047 Suevos
567 1022 698 1046 omnes
718 1023 835 1046 unum
855 1010 894 1046 in
913 1010 1039 1046 locum
1062 1010 1190 1058 copias
1206 1023 1363 1059 cogere,
1381 1018 1440 1048 at-

295 1083 371 1120 que
390 1070 436 1106 iis
455 1070 687 1115 nationibus,
717 1082 814 1119 quae
835 1070 904 1107 sub
934 1082 1067 1106 eorum
1087 1070 1163 1107 sint
1181 1071 1355 1120 impe1i0‚
1376 1072 1442 1110 de-

293 1132 491 1176 nunciare,
525 1131 581 1168 uti
601 1130 745 1168 auxilia
763 1131 957 1180 peditatus
982 1131 1251 1181 equitatusque
1272 1132 1440 1170 mittant.

292 1191 368 1228 His
393 1192 559 1242 cognitis
578 1193 707 1237 rebus,
735 1205 815 1229 rem
835 1191 1125 1229 frumentariam
1144 1192 1334 1242 providet,
1356 1206 1437 1230 cas-

292 1252 359 1290 tris
379 1253 559 1290 idoneum
579 1253 708 1289 locum
729 1252 862 1301 deligit
880 1268 889 1295 ;
918 1252 1028 1289 Ubiis
1048 1253 1222 1302 imperat,
1244 1259 1286 1289 ut
1300 1265 1441 1302 pecora

293 1313 504 1358 deducant,
525 1326 669 1363 suaque
690 1313 818 1350 omnia
833 1326 882 1349 ex
898 1313 998 1363 agris
1014 1313 1052 1349 in
1069 1313 1210 1363 oppida
1226 1312 1440 1358 conferant,

291 1387 449 1425 sperans
476 1375 660 1411 barbaros
680 1381 795 1424 atque
816 1373 1013 1424 imperitos
1032 1374 1221 1419 homines,
1242 1374 1370 1424 inopia
1388 1374 1442 1411 ci-

291 1434 485 1472 bariorum
499 1434 700 1479 adductos,
717 1434 765 1470 ad
780 1433 949 1484 iniquam
966 1433 1161 1484 pugnandi
1178 1434 1441 1472 conditionem

290 1507 402 1546 posse
422 1494 562 1531 deduci
577 1508 585 1530 :
604 1495 773 1540 mandat,
788 1500 829 1531 ut
845 1494 1000 1531 crebros
1013 1494 1277 1544 exploratores
1291 1494 1331 1531 in
1346 1494 1442 1532 Sue-

289 1568 357 1592 vos
387 1554 555 1600 mittant,
585 1567 762 1605 quaeque
782 1555 884 1605 apud
904 1567 969 1591 eos
988 1563 1172 1604 gerantur
1192 1564 1442 1606 cognoscant.

288 1617 351 1653 Illi
384 1617 571 1666 imperata
589 1616 762 1658 faciunt;
796 1623 848 1661 et,
882 1616 1015 1666 paucis
1046 1616 1180 1654 diebus
1199 1617 1439 1663 intermissis,

288 1678 475 1723 referunt,
503 1677 648 1715 Suevos
668 1689 815 1722 omnes,
835 1685 1086 1727 posteaquam
1106 1678 1288 1715 certiores
1309 1678 1440 1716 nuncii

288 1739 336 1776 de
356 1739 534 1777 exercitu
554 1738 816 1775 Romanorum
836 1738 1026 1782 venerint,
1058 1751 1145 1776 cum
1167 1740 1342 1777 omnibus
1363 1741 1441 1777 suis

288 1799 558 1850 sociorumque
579 1798 714 1848 copiis,
735 1810 828 1848 quas
845 1797 1078 1847 co'c‘gissent,
1111 1798 1264 1847 penitus
1293 1799 1342 1836 ad
1370 1812 1439 1837 ex-

288 1868 430 1898 tremos
449 1861 544 1897 fines
564 1871 647 1896 sese
676 1858 891 1908 recepisse:
929 1857 1061 1895 silvam
1094 1870 1177 1895 csse
1205 1858 1257 1895 ibi
1290 1859 1439 1897 infinita

288 1922 567 1972 magnitudine,
602 1932 699 1970 quae
720 1919 935 1970 appellatur
970 1919 1156 1956 Bacenis:
1191 1919 1291 1957 hanc
1321 1922 1438 1972 longe

286 1984 474 2020 introrsus
505 1980 713 2031 pertinere,
746 1987 799 2024 et,
833 1992 902 2029 pro
935 1980 1064 2016 nativo
1096 1993 1207 2016 muro
1228 1982 1437 2031 objectam,

288 2044 506 2081 Cheruscos
526 2043 572 2078 ab
596 2041 744 2085 Suevis,
779 2039 1001 2090 Suevosque
1034 2041 1080 2077 ab
1102 2041 1307 2080 Cheruscis
1336 2043 1437 2093 inju-

287 2104 366 2149 riis,
383 2102 756 2151 incursionibusque,
776 2101 979 2150 prohibere
1000 2115 1009 2137 :
1044 2102 1093 2138 ad
1111 2103 1193 2151 ejus
1209 2103 1359 2141 initium
1375 2105 1438 2141 sil-

288 2178 357 2202 vae
386 2164 531 2201 Suevos
555 2163 761 2200 adventum
790 2162 1051 2199 Romanorum
1085 2171 1312 2213 exspectare
1345 2178 1437 2202 con·-

287 2225 467 2263 stituisse.

338 2284 408 2323 XI.
462 2285 652 2327 Quoniam
673 2285 721 2321 ad
740 2285 843 2321 hunc
862 2284 989 2322 locum
1009 2291 1236 2335 perventum
1263 2293 1334 2332 est,
1354 2298 1432 2323 non
