1556 2683
288 288 363 325 ²208
591 287 666 325 DE
694 287 873 326 BELLO
902 288 1145 328 GALLICO

287 390 461 428 omnibus
486 391 580 428 locis
607 392 799 431 occurrit:
828 405 899 429 nec
919 393 984 429 dat
1004 393 1068 429 ulli
1102 391 1244 430 civitati
1263 393 1427 444 spatium

285 450 332 487 de
347 451 468 488 aliena
482 453 623 502 potius,
644 465 754 502 quam
773 453 820 489 de
836 453 1041 490 domestica
1064 454 1199 499 salute,
1220 454 1427 503 cogitandi.

288 512 373 552 Qua
389 513 601 559 celeritate,
620 521 659 550 et
674 513 806 550 fideles
823 513 965 550 amicos
981 514 1183 559 retinebat,
1200 522 1240 551 et
1251 514 1428 552 dubitan-

287 581 345 610 tes
361 581 507 612 terrore
523 575 570 611 ad
583 574 823 612 conditiones
838 574 943 624 pacis
959 575 1188 612 adducebat.
1235 575 1317 612 Tali
1334 587 1427 612 con-

285 634 429 671 ditione
450 635 658 686 proposita,
687 635 893 685 Bituriges,
925 649 1038 686 quum
1060 635 1130 673 sibi
1149 636 1322 673 viderent
1350 636 1428 673 cle-

286 694 429 731 mentia
449 695 624 732 Caesaris
643 695 807 733 reditum
828 703 959 747 patere
980 697 1017 732 in
1038 698 1120 746 ejus
1139 697 1359 742 amicitiam,
1384 696 1427 732 fi-

285 754 513 805 nitimasque
547 756 720 793 civitates
747 756 827 793 sine
854 757 930 794 ulla
949 770 1072 806 poena
1091 757 1241 795 dedisse
1261 757 1427 802 obsides,

282 822 396 864 atque
418 815 454 852 in
474 816 588 853 fidem
609 824 784 867 receptas
805 830 901 863 esse,
931 817 1032 854 idem
1051 818 1240 856 fecerunt.

332 875 401 912 IV.
456 877 597 914 Caesar
616 877 800 915 militibus
824 891 893 928 pro
925 885 1031 915 tanto
1050 878 1182 916 labore
1201 892 1246 916 ac
1279 879 1428 930 patien-

281 936 347 981 tia,
368 938 431 986 qui
452 938 685 975 brumalibus
705 938 852 984 diebus,
873 939 1072 976 itineribus
1092 939 1334 985 difficillimis,
1361 940 1426 977 fri-

283 999 440 1047 goribus
474 999 737 1045 intolerandis,
767 999 1042 1037 studiosissime
1072 1008 1359 1050 permanserant
1392 1002 1431 1038 in

284 1059 429 1105 labore,
473 1061 644 1098 ducenos
680 1062 888 1105 sestertios,
927 1061 1216 1098 centurionibus
1249 1074 1280 1099 11
1312 1062 1430 1100 millia

283 1123 497 1168 nummum,
523 1123 687 1172 praedae
720 1122 886 1167 nomine,
916 1122 1170 1159 condonanda
1199 1123 1428 1173 pollicetur;

282 1181 573 1233 legionibusque
594 1183 629 1219 in
650 1183 810 1219 hiberna
840 1183 1004 1220 remissis
1033 1183 1113 1233 ipse
1147 1196 1187 1220 se
1206 1183 1343 1233 recipit
1367 1184 1430 1221 die

279 1254 331 1279 xL
354 1242 545 1281 Bibracte.
587 1243 646 1280 lbi
666 1256 783 1294 quum
799 1244 861 1292 jus
882 1243 1041 1290 diceret,
1063 1244 1255 1294 Bituriges
1274 1244 1322 1281 ad
1342 1257 1430 1281 eum

278 1303 425 1352 legatos
444 1304 615 1349 mittunt,
653 1304 836 1342 auxilium
856 1304 1019 1355 petitum
1057 1312 1192 1342 contra
1224 1305 1428 1351 Carnutes,

279 1378 373 1415 quos
404 1366 575 1403 intulisse
593 1366 735 1403 bellum
755 1366 824 1402 sibi
845 1367 1116 1416 querebantur.
1172 1367 1257 1407 Qua
1276 1379 1316 1403 re
1337 1380 1428 1417 cog-

277 1426 370 1471 nita,
405 1440 523 1477 quum
556 1440 631 1464 non
651 1427 814 1476 amplius
835 1440 859 1463 x
880 1433 919 1463 et
940 1438 1002 1462 11x
1018 1426 1100 1463 dies
1119 1427 1156 1463 in
1178 1427 1347 1464 hibernis
1367 1440 1428 1465 es-

278 1494 336 1524 set
353 1495 625 1534 commoratus,
646 1488 817 1538 legiones
837 1500 906 1524 ΧΙν
926 1494 965 1524 et
986 1499 1029 1523 VI
1051 1501 1098 1525 ex
1119 1488 1287 1526 hibernis
1302 1490 1349 1526 ab
1371 1489 1428 1525 A-

278 1562 363 1586 rare
384 1549 539 1587 educit:
569 1562 662 1600 quas
683 1549 732 1586 ibi
762 1549 969 1586 collocatas
988 1549 1239 1599 explicandae
1267 1550 1322 1587 rei
1348 1550 1428 1587 fru-

278 1611 485 1648 mentariae
503 1623 649 1656 caussa,
679 1610 875 1660 superiore
893 1610 1168 1647 commentario
1188 1610 1426 1648 demonstra-

277 1678 358 1708 tum
378 1679 447 1709 est.
502 1671 561 1708 Ita
581 1684 667 1708 cum
689 1683 720 1707 11
738 1669 953 1720 legionibus
968 1670 1015 1707 ad
1030 1671 1316 1720 persequendos
1332 1672 1425 1709 Car-

276 1740 389 1769 nutes
417 1732 685 1783 proficiscitur.

328 1793 375 1830 V.
430 1795 557 1835 Quum
577 1792 676 1830 fama
696 1793 892 1830 exercitus
911 1793 959 1830 ad
978 1793 1108 1830 hostes
1135 1801 1236 1831 esset
1261 1794 1424 1844 perlata,

278 1855 496 1892 calamitate
529 1862 744 1892 ceterorum
765 1854 885 1899 ducti,
917 1854 1121 1900 Carnutes,
1155 1854 1314 1891 desertis
1335 1855 1427 1892 vicis

276 1915 516 1966 oppidisque,
546 1928 659 1966 quae,
702 1915 923 1953 tolerandae
948 1915 1082 1952 hiemis
1103 1929 1249 1961 caussa,
1283 1917 1424 1954 consti-

276 1977 368 2014 tutis
388 1984 548 2028 repente
569 1977 718 2027 exiguis
738 1976 785 2013 ad
806 1976 1071 2013 necessitatem
1093 1976 1290 2023 aedificiis,
1319 1977 1424 2015 inco-

275 2037 419 2083 lebant,
454 2037 597 2089 (nuper
629 2038 730 2074 enim
752 2037 892 2074 devicti
914 2037 1113 2087 complura
1145 2038 1286 2087 oppida
1314 2038 1422 2076 dimi-

276 2100 425 2149 serant)
449 2098 608 2148 dispersi
639 2098 877 2148 profugiunt.
933 2098 1086 2143 Caesar,
1111 2106 1357 2148 erumpentes
1376 2112 1423 2136 eo

278 2160 444 2196 maxime
465 2167 653 2209 tempore,
673 2159 877 2196 acerrimas
898 2165 1146 2208 tempestates
1164 2171 1280 2208 quum
1295 2158 1427 2196 subire*

275 2220 414 2257 milites
434 2221 566 2266 nollet,
587 2220 624 2256 in
645 2219 787 2270 oppido
805 2220 1016 2257 Carnutum
1033 2219 1196 2256 Genabo
1216 2228 1341 2256 castra
1355 2233 1422 2270 po-

273 2281 343 2325 nit,
378 2288 491 2331 atque
512 2281 550 2317 in
584 2288 689 2318 tecta
717 2281 855 2331 partim
889 2281 1103 2325 Gallorum,
1142 2280 1280 2330 partim
1310 2294 1425 2331 quae,

274 2342 461 2391 conjectis
481 2341 661 2380 celeriter
680 2342 896 2378 stramentis
917 2341 1169 2379 tentoriorum
1196 2342 1420 2391 integendw
