1556 2683
229 266 278 301 34·
537 260 613 300 DE
652 260 832 299 BELLO
872 259 1119 300 GALLICO

227 372 335 403 tanta
355 371 436 403 erat
451 364 604 411 horum,
627 365 924 410 exercitatione,
945 364 1139 410 celeritas,
1160 371 1216 410 ut,
1232 364 1336 414 jubis
1351 377 1392 402 es

230 440 393 478 quorum
415 426 619 472 sublevati,
640 439 792 464 cursum
814 425 1088 476 adaequarent.

279 488 367 524 XLl
379 488 423 525 X.
471 487 547 525 Ubi
564 501 650 524 eum
669 487 802 524 castris
818 500 857 524 se
873 494 1007 524 tenere
1023 488 1165 524 Caesar
1181 485 1388 532 intellexit,

226 561 276 586 ne
296 548 438 585 diutius
461 556 677 584 commeatu
697 547 982 598 prohiberetur,
1017 547 1113 584 ultra
1136 560 1222 584 eum
1244 547 1391 592 locum,

226 623 302 661 quo
325 611 359 646 in
381 610 467 646 loco
489 608 674 646 Germani
694 608 963 653 consederant,
997 608 1152 645 circiter
1180 621 1312 658 passus
1334 619 1386 644 nc

222 671 270 708 ab
292 671 361 715 eis,
384 669 518 707 castris
541 669 720 706 idoneum
737 669 865 707 locum
886 669 1049 719 delegit:
1069 669 1230 720 acieque
1246 669 1391 720 triplici

224 731 416 768 instructa
435 730 483 767 ad
503 743 590 767 eum
611 731 738 767 locum
757 730 874 767 venit.
934 730 1096 767 Primam
1117 737 1156 767 et
1177 730 1390 767 secundam

223 791 348 829 aciem
365 791 401 827 in
417 791 531 827 armis
545 804 642 834 esse,
659 791 810 829 tertiam
827 798 952 829 castra
967 791 1130 836 munire,
1145 792 1270 840 jussit.
1306 790 1384 827 Hic

222 851 332 889 locus
351 852 399 888 ab
421 851 531 888 hoste
551 851 706 889 circiter
739 865 871 902 passus
892 859 1113 897 sexcentos,
1148 852 1201 889 uti
1237 851 1386 889 dictum

224 920 296 957 est,
330 913 475 950 aberat.
512 925 558 950 eo
580 912 733 950 circiter
767 912 963 949 bominum
996 925 1157 949 numero
1178 924 1249 948 xvi
1272 912 1392 949 millia.

224 974 410 1024 expedita
429 986 516 1011 cum
542 974 645 1010 omni
679 973 854 1024 equitatu
892 973 1110 1010 Ariovistus
1136 973 1262 1014 misit:
1291 986 1390 1024 quae

225 1036 361 1085 copiae
377 1042 526 1072 nostros
541 1040 817 1084 perterrerent‚
835 1041 874 1070 et
889 1032 1103 1070 munitione
1127 1033 1391 1083 prohiberent.

223 1095 357 1133 Nihilo
377 1096 502 1133 secius
524 1096 680 1140 Caesar,
711 1102 752 1132 ut
772 1102 862 1131 ante
883 1094 1152 1140 constituerat,
1173 1094 1266 1131 duas
1287 1094 1393 1132 acies

223 1158 373 1194 hostem
396 1157 631 1208 propulsare,
649 1156 799 1193 tertiam
815 1169 909 1205 opus
931 1155 1132 1204 perficere,
1145 1155 1271 1204 jussit.
1300 1155 1393 1193 Mu-

223 1219 314 1256 nitis
328 1218 474 1262 castris,
495 1217 589 1254 duas
610 1216 659 1253 ibi
681 1217 854 1266 legiones
876 1216 1042 1266 reliquit,
1059 1223 1096 1253 et
1117 1225 1265 1267 partem
1284 1217 1393 1254 auxi-

225 1279 364 1318 liorum
384 1294 393 1316 :
431 1286 596 1330 quatuor
616 1278 781 1327 reliquas
801 1278 839 1314 in
861 1285 986 1314 eastra
1004 1279 1149 1327 majora
1169 1278 1339 1315 reduxit.

277 1339 323 1376 L.
381 1339 563 1375 Proximo
584 1338 659 1383 die,
690 1338 865 1375 instituto
902 1350 971 1374 suo
994 1338 1137 1375 Caesar
1157 1351 1178 1376 e
1198 1340 1331 1376 castris
1352 1354 1394 1377 u-

224 1400 372 1451 trisque
393 1400 522 1450 copias
553 1412 639 1436 suas
669 1399 825 1436 eduxit:
854 1399 1104 1450 paullumque
1133 1413 1155 1436 a
1184 1400 1394 1449 majoribus

223 1474 452 1513 progressus
472 1460 593 1498 aciem
615 1460 810 1505 instruxit,
836 1460 1087 1511 hostibusque
1107 1461 1303 1511 pugnandi
1324 1475 1393 1512 po-

224 1530 403 1560 testatem
424 1521 530 1559 fecit.
550 1521 613 1558 ubi
635 1534 682 1558 ne
695 1529 775 1558 tum
793 1521 947 1572 quidem
965 1535 1030 1559 eos
1045 1521 1198 1572 prodire
1216 1522 1395 1560 intellex-

223 1584 269 1630 it,
286 1583 440 1621 circiter
452 1582 650 1619 meridiem
667 1582 882 1620 exercitum
898 1582 935 1618 in
957 1589 1083 1620 castra
1095 1583 1264 1621 reduxit.
1294 1584 1394 1622 Tum

224 1645 380 1683 demum
399 1644 614 1681 Ariovistus
627 1651 775 1694 partem
793 1656 945 1680 suarum
967 1644 1178 1694 copiarum,
1196 1657 1293 1695 quae
1310 1658 1391 1683 cas-

225 1714 283 1744 tra
304 1706 453 1743 minora
471 1712 730 1756 oppugnaret,
770 1704 883 1741 misit.
939 1705 1095 1742 Acriter
1129 1706 1308 1756 utrinque
1329 1720 1390 1744 us-

226 1780 302 1818 que
316 1766 363 1803 ad
379 1778 579 1815 vesperum
598 1773 809 1815 pugnatum
835 1773 903 1802 est.
961 1766 1058 1802 Solis
1075 1779 1214 1803 occasu
1230 1780 1316 1804 suas
1330 1781 1394 1805 co-

223 1828 306 1880 pias
331 1826 559 1871 Ariovistus,
575 1827 704 1863 multis
724 1834 762 1863 et
782 1826 894 1863 illatis
914 1833 954 1863 et
968 1827 1140 1877 acceptis
1154 1827 1394 1874 vulneribus,

222 1889 263 1926 in
283 1895 409 1926 castra
429 1888 595 1924 reduxit.
654 1889 781 1929 Quum
815 1900 862 1924 ex
889 1888 1049 1938 captivis
1069 1896 1272 1939 quaereret
1294 1890 1392 1927 Cae-

224 1964 299 1996 sar,
339 1949 586 2001 quamobrem
622 1949 839 1986 Ariovistus
871 1949 1018 1999 proelio
1050 1963 1126 1986 non
1159 1949 1392 1996 decertaret,

223 2012 324 2049 hanc
358 2010 575 2060 reperiebat
604 2022 801 2047 caussam:
831 2010 945 2052 Quod
972 2011 1073 2061 apud
1107 2010 1321 2048 Germanos
1347 2025 1394 2049 ea

224 2074 467 2114 consuetudo
499 2081 613 2118 esset,
651 2081 693 2110 ut
713 2082 853 2112 matres
872 2075 1039 2111 familiae
1073 2087 1203 2113 eorum
1224 2075 1392 2112 sortibus

224 2144 264 2175 et
290 2135 628 2173 vaticinationibus
647 2135 902 2181 declararent,
933 2143 1060 2173 utrum
1079 2136 1267 2187 proelium
1287 2149 1392 2173 com-

222 2197 323 2234 mitti
351 2210 400 2234 ex
422 2210 491 2234 usu
513 2204 627 2242 esset,
661 2210 732 2235 nec
753 2210 800 2234 ne
818 2211 827 2233 :
857 2210 919 2235 eas
940 2197 992 2234 ita
1012 2198 1155 2244 dicere,
1195 2197 1282 2234 Non
1304 2211 1389 2236 esse

222 2258 279 2296 fas
299 2258 515 2296 Germanos
535 2270 732 2311 superare,
766 2257 798 2297 si
816 2266 905 2296 ante
925 2272 1063 2298 novam
1084 2259 1213 2298 lunam
1242 2260 1390 2312 proelio

226 2319 529 2358 contendissent.
