1556 2683
504 329 507 331 ·
529 294 732 351 =⁵³LIBER
785 311 817 349 1.
1231 310 1282 347 35

186 419 254 457 LI.
309 417 498 455 Postridie
531 418 614 467 ejus
634 417 709 454 diei
735 417 878 454 Caesar
896 412 1087 466 praesidio
1107 411 1281 464 utrisque

134 482 283 527 castris,
312 480 414 532 quod
434 480 523 517 satis
543 492 625 517 esse
646 479 767 516 visum
787 486 859 522 est,
894 476 1063 526 reliquit,
1091 487 1224 512 omnes
1246 487 1286 512 a·

134 542 247 580 larios
267 543 304 579 in
321 548 536 591 conspectu
554 540 720 577 hostium
735 552 804 590 pro
819 538 955 575 castris
971 537 1180 574 minoribus
1195 549 1287 574 con-

133 603 272 648 stituit,
290 601 394 654 quod
409 602 533 639 minus
548 601 794 638 multitudine
810 600 974 638 militum
991 598 1289 648 legionariorum

134 678 206 717 pro
225 664 391 702 hostium
423 675 582 700 numero
614 662 779 707 valebat,
811 668 851 698 ut
883 661 931 698 ad
961 660 1128 711 speciem
1164 659 1290 697 alariis

135 732 322 763 uteretur.
378 724 480 775 Ipse,
500 723 640 774 triplici
661 724 848 760 instructa
867 723 965 767 acie,
1000 734 1119 772 usque
1140 720 1188 758 ad
1209 733 1290 758 cas·

135 795 196 825 tra
215 787 380 824 hostium
401 786 575 823 accessit.
647 784 747 821 Tum
778 784 932 822 demum
952 781 1170 820 necessario
1191 781 1291 818 Ger·

134 849 237 886 mani
262 860 350 885 suas
387 846 517 896 copias
555 846 689 883 castris
725 845 959 890 eduxerunt,
998 843 1290 894 generatimque

134 911 435 955 constituerunt,
459 908 692 959 paribusque
712 906 936 951 intervallis,
966 905 1162 950 Harudes,
1184 903 1291 941 Mar-

135 984 332 1017 comanos,
355 970 581 1014 Triboccos,
611 967 848 1022 Vangiones,
870 967 1070 1012 Nemetes,
1093 965 1292 1011 Sedusios‚

137 1032 284 1070 Suevos
301 1046 310 1069 2
350 1042 579 1081 omnemque
600 1029 722 1066 aciem
742 1018 1003 1078 suarii’rhedis
1023 1035 1062 1064 et
1081 1026 1198 1065 carris
1218 1026 1292 1063 cir-

137 1091 435 1136 cumdederunt,
464 1103 512 1127 ne
532 1102 606 1140 qua
625 1102 711 1139 spes
730 1088 769 1125 in
788 1082 884 1137 fuga
899 1087 1193 1137 relinqueretur.
1235 1085 1292 1124 Eo

135 1153 316 1190 mulieres
336 1152 614 1203 imposuerunt,
652 1162 750 1201 quae
770 1150 806 1186 in
828 1149 1016 1200 proelium
1043 1148 1291 1197 proficiscen-

137 1221 196 1251 tes
230 1213 370 1250 milites
389 1212 509 1264 passis
529 1211 697 1249 crinibus
717 1211 856 1249 flentes
876 1209 1146 1261 implorabant,
1184 1220 1231 1245 ne
1250 1220 1292 1246 se

136 1275 175 1311 in
196 1274 420 1313 servitutem
442 1272 627 1310 Romanis
646 1272 857 1310 traderent.

188 1335 278 1373 L11.
333 1335 475 1373 Caesar
487 1334 647 1384 singulis
663 1334 880 1385 legionibus
895 1332 1066 1383 singulos
1084 1332 1233 1382 legatos
1253 1338 1293 1368 et

138 1405 383 1449 quaestorem
403 1396 604 1447 praefecit,
625 1395 681 1433 uti
700 1408 766 1432 eos
786 1386 905 1432 test—es
923 1407 1015 1432 suae
1036 1393 1197 1444 quisque
1218 1392 1291 1429 vir-

137 1459 231 1497 tutis
251 1459 424 1496 haberet.
467 1458 555 1508 Ipse
575 1470 597 1494 a
611 1457 748 1494 dextro
765 1469 900 1501 cornu,
922 1455 1025 1506 quod
1044 1467 1127 1492 eam
1143 1462 1294 1506 partem

137 1522 296 1559 minime
311 1520 457 1557 firmam
473 1518 641 1556 hostium
655 1530 738 1555 esse
754 1518 921 1555 animum
938 1517 1169 1562 adverterat,
1183 1528 1296 1567 proe-

136 1583 230 1621 lium
251 1580 454 1620 commisit.
492 1581 551 1617 lta
570 1579 691 1617 nostri
710 1579 853 1616 acriter
873 1579 912 1616 in
932 1579 1076 1623 hostes,
1097 1578 1206 1629 signo
1227 1578 1294 1616 da-

139 1652 195 1690 to,
224 1644 410 1695 impetum
431 1642 622 1687 fecerunt,
652 1641 780 1692 itaque
814 1641 942 1678 hostes
976 1646 1136 1690 repente
1157 1638 1293 1677 celeri-

138 1713 275 1756 terque
299 1712 589 1755 procurrerunt‚
610 1710 651 1739 ut
670 1702 835 1752 spatium
856 1701 933 1753 pila
951 1701 990 1738 in
1025 1701 1154 1738 liostes
1173 1700 1295 1751 conji-

139 1765 267 1805 ciendi
288 1779 366 1803 non
385 1765 555 1803 daretur.
614 1764 785 1814 Rejectis
803 1764 903 1815 pilis,
924 1762 1137 1801 comminus
1157 1762 1294 1813 gladiis

139 1834 353 1879 pugnatum
385 1834 456 1863 est.
512 1826 568 1863 At
588 1825 788 1871 Germani,
816 1824 995 1862 celeriter
1016 1837 1064 1861 ex
1085 1830 1294 1861 consuetu-

138 1889 229 1927 dine
249 1901 318 1926 sua
337 1888 529 1939 phalange
548 1887 663 1931 facta,
693 1887 857 1936 impetus
890 1885 1106 1936 gladiorum
1125 1897 1294 1935 excepe-

138 1958 240 1988 runt.
297 1949 459 2000 Reperti
492 1956 580 1986 sunt
601 1948 818 1999 complures
838 1948 958 1985 nostri
976 1948 1131 1993 milites,
1169 1948 1233 1999 qui
1253 1947 1294 1985 in

138 2012 352 2064 phalangas
373 2010 576 2056 insilirent,
605 2017 643 2048 et
663 2016 775 2046 scuta
793 2009 969 2046 manibus
989 2008 1233 2054 revellerent,
1254 2015 1295 2046 et

140 2074 308 2124 desuper
326 2072 582 2109 vulnerarent.
629 2072 758 2113 Quum
778 2070 945 2108 hostium
965 2070 1068 2108 acies
1087 2083 1109 2107 a
1140 2070 1294 2107 sinistro

139 2147 263 2172 cornu
282 2133 403 2184 pulsa,
432 2140 547 2183 atque
567 2132 604 2169 in
625 2131 754 2181 fugam
776 2144 974 2177 conversa,
995 2138 1119 2174 esset;
1156 2143 1177 2167 a
1198 2131 1293 2168 dex-

140 2204 201 2233 tro
218 2208 339 2233 cornu
354 2195 602 2232 vehementer
622 2193 867 2230 multitudine
889 2205 1043 2230 suorum
1065 2199 1233 2229 nostram
1252 2204 1293 2229 a-

142 2257 241 2295 ciem
261 2257 498 2308 premebant.
551 2255 597 2292 Id
626 2268 744 2306 quum
766 2254 1095 2292 animadvertisset
1117 2253 1158 2290 P.
1179 2254 1293 2292 Cras-

143 2330 207 2358 sus
226 2318 466 2365 adolescens,
486 2318 557 2370 qui‘
571 2319 746 2369 equitatu
768 2323 960 2369 praeerat,
980 2316 1086 2368 quod
1103 2314 1294 2368 expediti-
