1556 2683
510 234 676 272 LIBER
731 234 820 271 V11.
1190 236 1254 275 171

103 339 179 376 alio
207 338 309 385 loco,
334 338 408 376 alio
438 345 624 389 tempore,
655 346 771 389 atque
803 336 1031 387 oportuerit,
1059 336 1217 375 fratrem
1238 352 1260 375 a

103 399 222 437 tratre
242 398 525 445 renunciatum,
560 413 678 450 quum
698 399 803 449 leges
830 399 907 435 duo
927 412 976 435 ex
1006 411 1080 435 una
1101 399 1257 445 familia,

103 460 190 497 vivo
210 468 389 510 utroque,
418 473 494 497 non
515 460 637 496 solum
658 459 904 509 magistratus
925 459 1047 495 creari
1068 466 1258 505 vetarent,

100 521 168 558 sed
187 521 302 558 etiam
329 521 368 557 in
386 529 522 558 senatu
551 534 634 558 esse
661 520 935 571 prohiberent3
965 520 1106 557 Cotum
1137 520 1256 571 impe-

102 582 199 619 rium
220 582 416 633 deponere
445 582 598 632 co'e'git;
630 581 992 627 Convictolitanem,
1025 580 1088 631 qui
1108 594 1178 631 per
1197 594 1255 618 sa-

101 644 296 690 cerdotes,
334 656 441 681 more
474 643 653 688 civitatis,
692 642 917 680 intermissis
954 642 1254 692 inagisti·atibuS‚

103 713 205 742 esset
226 712 393 751 creatus,
420 712 653 755 potestatem
674 704 850 742 obtinere
866 704 993 754 jussit.

154 766 342 803 XXXIV.
378 766 468 804 Hoc
489 766 647 804 decreto
667 765 908 815 interposito,
930 765 1155 802 cohortatus
1176 765 1256 802 Ae-

101 827 212 873 duos,
246 835 288 865 ut
308 827 653 865 controversiarum
675 839 720 863 ac
739 825 1021 863 dissensionum
1054 826 1256 864 oblivisce-

102 895 249 935 rentur,
269 896 399 940 atque,
416 889 592 927 omnibus
608 888 756 925 omissis
778 888 884 937 [his]
903 888 1031 933 rebus,
1048 887 1139 925 huic
1155 889 1257 926 bello

101 950 307 997 servirent,
328 963 464 1002 eaque,
486 963 584 1000 quae
598 949 842 995 meruissent,
862 949 1032 999 praemia
1051 949 1097 986 ab
1114 962 1169 996 se,
1190 950 1256 987 de-

99 1011 204 1050 victa
223 1011 367 1057 Gallia,
399 1017 687 1062 exspectarent,
719 1010 1012 1061 equitatumque
1044 1023 1197 1048 omnem
1218 1019 1258 1049 et,

97 1073 270 1123 peditum
292 1073 410 1110 millia
424 1087 449 1110 x
463 1072 534 1110 sibi
550 1072 729 1110 celeriter
748 1071 961 1117 mitterent,
982 1084 1079 1121 quae
1094 1072 1131 1108 in
1147 1086 1258 1123 prae-

101 1134 206 1171 sidiis
240 1135 295 1172 rei
315 1134 589 1172 frumentariae
608 1146 745 1171 caussa
772 1132 1008 1183 disponeret,
1038 1134 1257 1172 exercitum

98 1195 136 1231 in
153 1195 246 1232 duas
262 1203 389 1246 partes
405 1194 532 1232 divisit
547 1209 556 1232 z
578 1207 623 1231 1v
636 1194 807 1245 legiones
824 1193 861 1230 in
880 1193 1053 1232 Senones
1069 1193 1255 1233 Parisios-

98 1269 173 1308 que
188 1256 363 1295 Labieno
378 1256 575 1294 ducendas
592 1256 716 1300 dedit3
747 1267 792 1292 vl
810 1255 889 1306 ipse
909 1255 947 1293 in
965 1256 1178 1302 Arvernos,
1208 1259 1257 1295 ad

99 1319 284 1370 oppidum
306 1318 540 1369 Gergoviam
561 1318 773 1356 secundum
793 1317 939 1354 flumen
960 1317 1100 1354 Elaver
1130 1318 1257 1357 duxit.

98 1379 305 1431 Equitatus
333 1387 482 1431 partem
503 1379 556 1416 illi
584 1378 775 1425 attribuit,
807 1386 958 1429 partem
978 1379 1050 1416 sibi
1083 1380 1251 1431 reliquit.

96 1441 183 1483 Qua
202 1454 242 1479 re
275 1441 444 1491 cognita,
478 1440 793 1491 Vercingetorix,
829 1440 1007 1478 omnibus
1027 1440 1253 1492 interruptis

97 1504 179 1552 ejus
198 1503 366 1541 fluminis
398 1502 594 1554 pontibus,
622 1502 669 1540 ab
689 1502 812 1539 altera
842 1501 1014 1540 Elaveris
1044 1509 1154 1553 parte
1183 1503 1257 1541 iter

95 1564 226 1604 facere
246 1565 387 1617 coepit.

151 1627 316 1665 XXXV.
370 1627 499 1668 Quum
520 1633 683 1676 uterque
703 1625 856 1676 utrique
877 1633 978 1664 esset
998 1626 1196 1664 exercitus
1216 1627 1256 1665 in

96 1696 324 1739 conspectu,
349 1688 508 1739 fereque
527 1701 549 1725 e
579 1688 737 1739 regione
766 1688 901 1725 castris
921 1697 1048 1727 castra
1077 1697 1254 1740 poneret,

97 1751 290 1801 dispositis
310 1749 633 1800 exploratoribus,
653 1749 794 1786 necubi
814 1749 952 1787 effecto
974 1758 1092 1801 ponte
1109 1751 1252 1789 Roma-

96 1813 135 1849 ni
155 1813 286 1863 copias
305 1811 616 1856 transducerent,
648 1818 731 1848 erat
750 1810 788 1847 in
809 1811 957 1860 magnis
990 1811 1147 1850 Caesari
1180 1813 1255 1850 dif-

95 1873 330 1912 ficultatibus
360 1885 435 1918 res,
469 1886 517 1910 ne
535 1873 720 1922 majorem
740 1872 896 1910 aestatis
915 1879 1065 1923 partem
1094 1873 1254 1912 flumine

97 1934 376 1985 impediretur;
410 1933 514 1984 quod
533 1946 612 1970 non
639 1932 719 1970 fere
739 1941 829 1970 ante
857 1941 1085 1972 autumnum
1113 1935 1254 1973 Elaver

95 1996 194 2034 vado
215 1995 367 2033 transiri
386 1995 497 2032 solet.
564 1994 715 2045 Itaque,
748 2007 797 2032 ne
818 1995 856 2032 id
876 1995 1088 2042 accideret,
1120 1996 1253 2035 silves-

98 2057 148 2094 tri
177 2057 265 2094 loco
299 2057 434 2094 castris
453 2055 602 2106 positis,
634 2067 656 2093 e
676 2055 835 2106 regione
855 2056 968 2093 unius
995 2069 1126 2094 eorum
1155 2071 1252 2108 pon-

98 2117 209 2164 tium,
247 2131 343 2168 quos
386 2117 689 2167 Vercingetorix
722 2117 997 2155 rescindendos
1036 2127 1252 2167 curaverat,

95 2187 251 2231 postero
271 2179 334 2217 die
349 2192 437 2217 curn
455 2190 488 2215 11
508 2178 726 2229 legionibus
746 2179 784 2215 in
805 2178 961 2216 occulto
981 2179 1144 2216 restitit:
1165 2180 1253 2217 reli-

98 2253 192 2291 quas
225 2240 356 2294 copias
388 2253 476 2277 cum
496 2239 673 2277 omnibus
693 2239 992 2290 impedimentis,
1027 2248 1069 2278 ut
1090 2254 1253 2280 consue-

97 2308 221 2350 verat,
253 2301 370 2349 misit,
403 2301 525 2353 captis
554 2300 749 2352 [quartis]
776 2301 991 2352 quibusque
1012 2303 1252 2350 cohortibus,
