1556 2683
245 271 321 307 ‘238
564 266 639 303 DE
681 264 858 302 BELLO
900 263 1067 302 CIVILI

249 391 347 428 quae
366 378 495 423 vellet,
525 379 734 416 decernere
754 377 934 414 auderet:
963 382 1006 412 ut
1026 375 1082 411 Μ.
1103 372 1285 418 Calidius,
1317 371 1381 422 qui

247 440 441 485 censebat,
475 447 516 476 ut
538 439 740 489 Pompeius
761 438 798 473 in
817 449 903 473 suas
930 434 1144 486 provincias
1163 433 1383 483 proficisce-

247 507 367 546 retur,
384 514 445 542 ⁴ne
466 514 540 550 qua
566 506 666 536 esset
697 510 887 535 armorum
908 508 1060 533 caussa:
1089 494 1222 531 timere
1245 493 1383 530 Caesa-

248 573 342 605 rem,
368 561 535 610 abreptis
555 561 601 597 ab
622 573 667 597 eo
690 571 721 595 11
741 557 970 607 legionibus,
999 568 1046 592 ne
1065 555 1113 592 ad
1133 556 1215 603 ejus
1234 553 1385 604 pericu-

249 621 327 658 lum
347 633 540 658 reservare
560 628 599 657 et
619 620 785 657 retinere
805 630 868 655 eas
887 618 934 655 ad
953 617 1087 654 urbem
1108 615 1312 665 Pompeius
1332 614 1385 650 vi-

249 682 428 718 deretur:
457 689 497 718 ut
519 681 574 717 M.
594 680 732 725 Rufus,
753 679 817 730 qui
838 678 1064 716 sententiam
1086 675 1236 721 Calidfi,
1256 674 1388 725 paucis

248 743 329 779 fere
349 743 504 779 mutatis
524 743 650 785 rebus,
670 740 913 790 sequebatur.
973 738 1027 774 Hi
1047 749 1192 782 omnes,
1213 734 1386 772 convicio

249 803 296 839 L.
317 803 472 840 Lentuli
494 801 660 839 consulis
681 800 861 850 correpti,
881 798 1187 848 exagitabantur.
1240 796 1388 832 Lentu-

248 864 307 900 lus
327 863 555 900 sententiam
578 862 714 899 Calidii
735 861 1070 912 pronunciaturum
1091 871 1132 895 se
1149 858 1302 894 omnino
1323 869 1390 894 ne-

249 923 364 972 gavit.
418 922 640 966 Marcellus,
661 921 886 971 perterritus
900 919 1096 964 conviciis,
1117 931 1139 955 a
1153 930 1222 954 sua
1237 924 1390 955 senten-

251 981 303 1018 tia
322 982 507 1022 discessit.
555 981 618 1018 Sic
637 980 793 1017 vocibus
813 978 992 1024 consulis,
1011 985 1156 1016 terrore
1176 976 1387 1027 praesentis

251 1042 461 1088 exercitus,
493 1041 603 1078 minis
632 1041 841 1078 amicorum
870 1039 1057 1089 Pompeii,
1088 1038 1262 1089 plerique
1290 1051 1394 1075 com-

251 1103 365 1153 pulsi,
395 1103 501 1140 inviti
527 1110 565 1139 et
594 1102 718 1139 coacti
751 1100 940 1151 Scipionis
969 1099 1197 1137 sententiam
1227 1112 1394 1149 sequun-

254 1170 339 1200 tur:
387 1164 454 1202 Uti
475 1172 564 1200 ante
584 1170 728 1200 certam
749 1161 849 1198 diem
871 1162 1011 1198 Caesar
1031 1161 1244 1198 exercitum
1265 1160 1394 1197 dimit-

255 1231 335 1267 tat3
362 1224 392 1260 si
418 1238 493 1261 non
514 1223 641 1268 faciat,
662 1236 749 1259 eum
769 1223 949 1259 adversus
975 1220 1251 1271 rempublicam
1269 1220 1394 1257 factu-

254 1299 336 1322 rum
357 1284 489 1322 videri.
532 1283 745 1320 Intercedit
765 1283 823 1319 M.
844 1282 1052 1326 Antonius,
1073 1284 1120 1323 Q.
1142 1282 1309 1326 Cassius,
1329 1281 1396 1318 tri-

255 1346 347 1383 buni
367 1344 501 1395 plebis.
546 1343 726 1380 Refertur
747 1342 947 1380 confestim
967 1343 1014 1379 de
1036 1342 1310 1379 intercessione
1331 1342 1398 1378 tri-

255 1409 443 1444 bunorum
460 1419 469 1440 :
506 1404 684 1441 dicuntur
715 1403 929 1440 sententiae
962 1416 1120 1453 graves:
1162 1410 1205 1440 ut
1233 1402 1394 1452 quisque

257 1466 502 1505 acerbissime
523 1464 860 1514 crudelissimeque
881 1464 993 1509 dixit,
1026 1463 1079 1501 ita
1098 1476 1210 1513 quam
1230 1463 1396 1499 maxime

261 1529 308 1566 ab
332 1527 493 1564 inimicis
521 1526 694 1562 Caesaris
715 1524 965 1562 collaudatur.

308 1589 382 1625 ΠΙ.
437 1588 558 1624 Misso
579 1587 627 1623 ad
652 1599 853 1636 vesperum
873 1593 1023 1631 senatu,
1054 1598 1199 1630 omnes,
1228 1585 1292 1635 qui
1312 1591 1400 1622 sunt

258 1653 341 1701 ejus
373 1648 529 1692 ordinis,
560 1660 582 1684 a
615 1646 798 1696 Pompeio
827 1653 1048 1683 evocantur.
1101 1646 1253 1683 Laudat
1286 1646 1399 1682 Pom-

259 1711 380 1763 peiuS,
409 1716 523 1759 atque
546 1708 583 1744 in
612 1715 804 1758 posterum
825 1707 1045 1750 confirmat;
1074 1707 1269 1756 segniores
1290 1706 1402 1743 casti-

262 1779 340 1823 gat,
364 1778 478 1820 atque
501 1769 647 1806 incitat.
688 1768 806 1804 Multi
826 1767 994 1817 undique
1011 1780 1060 1805 ex
1076 1768 1268 1805 veteribus
1289 1767 1403 1803 Pom-

260 1832 335 1882 peii
352 1830 600 1876 exercitibus,
620 1841 686 1879 spe
703 1828 959 1879 praemiorum
978 1837 1093 1879 atque
1109 1830 1299 1874 ordinum,
1316 1842 1404 1866 evo-

262 1901 421 1930 cantur:
451 1890 558 1927 multi
580 1903 628 1927 ex
650 1890 795 1926 duabus
815 1889 1042 1939 legionibus,
1063 1903 1160 1940 quae
1180 1896 1269 1926 sunt
1288 1889 1405 1926 tradi-
1457 1908 1460 1911 ,

262 1961 323 1990 tae
344 1965 365 1989 a
399 1952 576 1995 Caesare,
615 1956 872 1987 arcessuntur.
928 1949 1155 1999 Completur
1184 1949 1286 1985 urbs.
1341 1948 1407 1984 Ad

260 2016 324 2063 jus
339 2011 580 2050 comitiorum
597 2011 770 2047 tribunos
790 2009 911 2060 plebis
932 2009 975 2046 C.
998 2009 1113 2046 Curio
1133 2015 1281 2045 evocat.
1311 2007 1404 2044 Om-

264 2088 331 2111 nes
345 2072 459 2110 amici
476 2071 689 2116 consulum,
706 2070 911 2107 necessarii
924 2069 1109 2119 Pompeii,
1125 2077 1239 2118 atque
1257 2081 1406 2113 eorum,

265 2136 327 2186 qui
343 2143 492 2171 veteres
509 2132 724 2169 inimicitias
742 2144 828 2168 cum
845 2131 1008 2167 Caesare
1025 2130 1225 2179 gerebant,
1241 2130 1279 2165 in
1296 2142 1406 2166 sena-

266 2204 346 2233 tum
367 2202 580 2244 coguntur:
603 2206 762 2243 quorum
780 2192 936 2228 vocibus
951 2199 989 2228 et
1006 2203 1195 2228 concursu
1213 2197 1405 2226 terrentur

268 2255 506 2301 infirmiores,
527 2254 630 2291 dubii
649 2253 939 2296 conii1·mantur;
967 2252 1157 2302 plerisque
1178 2264 1267 2288 vero
1287 2250 1405 2287 libere

267 2316 500 2354 decernendi
520 2321 689 2366 potestas
709 2313 879 2364 eripitur.
920 2311 1128 2349 Pollicetur
1144 2311 1189 2348 L.
1211 2310 1298 2362 Piso
1316 2323 1406 2348 cen-
