1556 2683
575 235 741 273 nana
794 236 868 273 111.
1237 210 1309 279 ‘57

159 339 326 390 gionem,
345 351 471 390 neque
486 351 569 376 eam
587 339 860 389 plenissimam,
880 339 1065 377 detractis
1085 339 1308 378 cohertibus

162 401 324 446 duabus,
355 408 393 437 et
419 399 679 449 compluribus
708 399 943 450 singillatim,
977 401 1040 450 qui
1072 407 1308 438 commeatus

158 462 314 511 petendi
331 474 464 498 caussa
484 461 587 497 missi
608 468 729 506 erant,
749 461 986 506 absentibus,
1007 468 1164 511 propter
1179 461 1309 511 pauci-

158 529 274 558 tatem
289 521 575 571 despiciebant:
595 529 674 558 tum
692 522 822 566 etiam,
835 521 937 571 quod
951 529 1109 571 propter
1125 521 1304 572 iniquita·

159 589 236 619 tem
265 582 354 630 loc-i,
384 595 502 633 quum
536 583 607 633 ipsi
626 595 676 619 ex
695 583 889 620 montibus
910 583 947 619 in
967 583 1105 619 vallem
1126 582 1306 620 decurre-

157 652 257 689 rent,
294 653 333 681 et
367 643 444 681 tela
462 644 713 693 conjicerent,
751 656 799 680 nc
819 643 982 693 primum
1003 643 1158 694 quidem
1195 656 1307 693 posse
1350 684 1354 688 ,

158 705 342 755 impetum
374 717 485 742 suum
517 704 695 742 sustineri
726 704 1010 742 existimabant.
1066 705 1307 750 Accedebat,

157 766 261 815 quod
293 778 382 803 suos
400 767 447 803 ab
467 778 508 803 se
539 766 680 803 liberos
713 767 926 803 abstractos
954 765 1131 803 obsidum
1151 765 1305 803 nomine

157 826 363 870 dolebant3
393 835 432 864 et
463 826 671 872 Romanos,
701 839 777 864 non
796 826 918 864 solum
949 827 1129 864 itinerum
1161 838 1308 873 caussa,

154 888 221 925 sed
236 889 350 925 etiam
366 894 575 938 perpetuae
596 887 857 938 possessionis,
874 888 1042 925 culmina
1063 888 1219 938 Alpium
1242 902 1307 926 oc-

154 961 296 999 cupare
317 949 461 994 conari,
481 956 520 994 et
539 961 583 986 ea
603 949 689 987 loca
720 949 903 986 finitimae
931 949 1150 999 provinciae
1170 949 1305 999 adjun-

153 1022 259 1060 gere,
293 1010 364 1047 sibi
385 1023 607 1060 persuasum
627 1011 833 1048 habebant.

206 1070 280 1108 HI.
336 1071 408 1109 His
427 1072 577 1109 nunciis
596 1072 780 1122 acceptis,
810 1071 948 1117 Galba,
978 1085 1095 1123 quum
1116 1064 1241 1123 neque
1262 1087 1304 1111 o—

150 1145 222 1183 pus
240 1132 489 1170 hibernorum
520 1133 829 1183 munitionesque
861 1133 974 1183 plene
1008 1141 1136 1171 essent
1155 1134 1305 1184 perfec-³

150 1200 226 1240 tae,
260 1207 385 1245 neque
418 1195 466 1231 de
486 1193 680 1232 frumento
712 1195 936 1245 reliquoque
969 1202 1187 1232 commeatu
1213 1196 1304 1233 satis

151 1263 253 1293 esset
284 1256 491 1306 provisum,
531 1256 648 1306 quod,
676 1256 872 1293 deditione
891 1256 1008 1302 facta,
1029 1256 1302 1307 obsidibusque

150 1317 336 1368 acceptis,
355 1317 449 1354 nihil
468 1317 517 1354 de
536 1317 637 1355 bello
657 1317 869 1354 timendum
889 1317 1190 1364 existimaverat,
1211 1332 1303 1356 con-

149 1378 232 1415 silio
252 1378 430 1415 celeriter
449 1387 676 1424 convocato,
703 1379 914 1416 sententias
934 1379 1140 1429 exquirere
1162 1380 1302 1430 coepit.

148 1452 224 1490 quo
244 1440 282 1476 in
304 1440 478 1486 consilio,
499 1453 616 1490 quum
633 1447 782 1477 tantum
802 1440 992 1490 repentini
1009 1440 1172 1490 periculi
1192 1453 1302 1491 prae·

149 1508 208 1538 ter
239 1501 457 1551 opinionem
485 1501 702 1546 accidisset,
735 1513 780 1539 ac
795 1503 874 1550 jam
896 1501 1023 1538 omnia
1042 1501 1123 1538 sere
1154 1502 1302 1552 superi-

149 1574 217 1598 ora
245 1562 331 1600 loca
361 1563 606 1600 multitudine
625 1570 859 1599 armatorum
887 1563 1080 1612 completa
1099 1563 1299 1613 conspice-

149 1631 296 1667 rentur,
325 1635 451 1673 neque
471 1623 640 1660 subsidio
660 1622 794 1668 veniri,
816 1635 940 1673 neque
958 1630 1194 1660 commeatus
1211 1636 1299 1674 sup-

145 1684 302 1735 portari,
321 1684 538 1721 interclusis
552 1684 765 1728 itineribus,
784 1691 963 1734 possent:
982 1696 1102 1734 prope
1113 1685 1193 1732 jam
1209 1684 1297 1721 des·

145 1752 278 1795 perata
296 1745 432 1790 salute,
469 1745 678 1782 nonnullae
711 1744 928 1794 hujusmodi
948 1745 1164 1782 sententiae
1192 1745 1297 1783 dice-

145 1806 299 1850 bantur,
322 1812 377 1850 ut,
397 1805 680 1855 impedimentis
700 1805 858 1850 relictis,
877 1805 1078 1856 eruptione
1098 1805 1213 1851 facta,
1234 1806 1297 1843 iis-1

145 1866 232 1904 dem
251 1866 466 1912 itineribus,
503 1867 640 1916 quibus
672 1880 718 1904 eo
749 1859 1025 1916 pervenissent,
1057 1867 1107 1904 ad
1133 1867 1296 1905 salutem

146 1927 439 1965 contenderent.
493 1927 635 1977 Majori
651 1935 779 1964 tamen
795 1927 893 1978 parti
913 1927 1073 1978 placuit,
1087 1928 1161 1965 hoc
1174 1940 1295 1965 reser-

143 1996 231 2026 vato
251 1989 300 2026 ad
331 1997 547 2026 extremum
569 1989 743 2035 consilio,
780 1988 931 2026 interim
952 1989 1006 2026 rei
1026 1997 1207 2026 eventum
1227 2002 1295 2026 ex-

145 2050 274 2100 periri,
304 2057 344 2087 et
363 2057 488 2087 castra
506 2050 730 2089 defendere.

153 2135 157 2137 >
194 2111 264 2148 IV.
317 2111 433 2148 Brevi
452 2112 575 2163 spatio
596 2112 813 2162 interjecto,
834 2112 898 2149 vix
914 2120 956 2149 ut
975 2111 1033 2149 his
1049 2112 1178 2158 rebus,
1198 2124 1292 2162 quas

143 2172 446 2219 constituissent,
475 2173 710 2211 collocandis
729 2180 844 2224 atque
861 2173 1170 2210 administrandis
1195 2180 1293 2210 tem-

143 2246 214 2284 pus
234 2234 403 2281 daretur,
435 2236 565 2273 hostes
584 2248 634 2273 ex
654 2235 831 2273 omnibus
849 2235 1035 2285 partibus,
1055 2235 1165 2285 signo
1185 2235 1291 2281 dato,

143 2295 348 2333 decurrere
364 2313 378 2345 3.
413 2296 560 2347 lapides
604 2308 796 2348 gaesaque
827 2295 867 2332 in
898 2295 1040 2333 vallum
1082 2296 1290 2346 conjicere.

192 2356 301 2394 ΤοΜ.
330 2357 362 2394 I.
690 2356 729 2393 H
