1556 2683
286 217 358 253 190
560 211 635 249 DE
677 209 855 250 BELLO
895 208 1139 249 GALLICO

276 323 449 355 maturae
478 315 641 366 pedites,
674 314 744 364 qui>
770 313 869 351 inter
900 325 965 350 eos
1001 310 1179 365 proeliari
1210 322 1422 350 consuevea·

278 384 375 415 rant.
431 377 576 413 Eorum
605 376 786 420 adventu,
819 375 923 424 quod
940 373 1064 411 minus
1083 371 1230 409 idoneis
1249 372 1358 422 equis
1377 385 1420 409 u-

277 440 471 483 tebantur,
500 450 521 474 a
539 436 700 474 tribunis
719 435 880 472 militum
900 433 1146 484 reliquisque,
1165 432 1234 470 sed
1253 439 1292 469 et
1310 432 1418 482 equi-

274 499 375 536 tibus
405 498 588 535 Romanis
607 504 722 546 atque
747 495 928 540 evocatis,
958 507 1076 545 equos
1106 494 1234 539 sumit,
1254 492 1417 531 Germa-

274 559 410 610 nisque
430 558 634 596 distribuit.

321 620 468 658 LXVI.
524 619 691 664 Interea,
712 617 802 654 dum
822 617 918 656 haec
938 624 1137 666 geruntur,
1163 613 1330 652 hostium
1351 627 1417 652 co-

273 681 358 732 piae
378 694 427 718 ex
462 679 660 723 Arvernis,
686 679 926 729 equitesque,
957 678 1020 728 qui
1046 677 1117 713 toti
1138 675 1286 717 Galliae
1306 681 1416 713 erant

272 741 462 792 imperati,
480 741 725 778 conveniunt.
767 739 913 789 Magno
932 738 1067 776 horum
1083 744 1220 774 coacto
1240 748 1416 782 numero,

273 816 389 853 quum
411 804 552 839 Caesar
581 801 617 837 in
648 800 845 851 Sequanos
876 811 945 849 pei·
974 806 1168 835 extremos
1196 796 1418 846 Lingonum

271 864 366 901 fines
398 863 469 900 iter
488 862 646 906 faceret,
679 874 754 911 quo
786 860 933 898 facilius
958 859 1168 896 subsidium
1197 857 1417 908 provinciae

272 924 363 962 ferri
383 930 526 974 posset,
543 922 695 960 circiter
707 921 825 959 millia
839 933 1018 972 passuum
1033 931 1059 957 X
1071 920 1117 957 ab
1134 919 1329 964 Romanis,
1349 918 1416 955 tri-

269 985 328 1024 nis
356 985 489 1022 castris
510 983 806 1034 Vercingetorix
827 982 1026 1025 consedit3
1054 981 1350 1030 convocatisque
1369 979 1418 1019 ad

269 1047 467 1084 consilium
493 1045 698 1096 praefectis
723 1043 910 1094 equitum,
943 1040 1091 1080 venisse
1112 1049 1261 1092 tempus
1293 1041 1416 1078 victo-

269 1107 362 1151 riae,
395 1107 653 1143 demonstrat:
702 1105 834 1154 fugere
865 1104 903 1140 in
938 1102 1170 1154 provinciam
1206 1102 1415 1147 Romanos,

271 1166 475 1216 Galliaque
495 1166 712 1203 excedere:
742 1165 781 1202 id
810 1165 880 1202 sibi
901 1164 1205 1214 adpraesentent
1238 1163 1414 1200 obtinen-

271 1227 358 1264 dam
377 1227 594 1264 libertatem
614 1226 704 1262 satis
723 1238 831 1268 esse3
858 1225 905 1262 ad
925 1223 1059 1274 reliqui
1076 1223 1258 1273 temporis
1280 1236 1415 1273 pacem

269 1296 384 1337 atque
404 1288 524 1324 otium
557 1299 688 1337 parurn
720 1286 869 1336 profici,
901 1285 1106 1334 majoribus
1134 1284 1234 1321 enim
1268 1283 1414 1321 coactis

268 1348 389 1398 copiis
409 1360 641 1393 reversuros,
660 1360 786 1397 neque
806 1346 919 1383 finem
939 1344 1028 1382 belli
1046 1344 1230 1381 facturos.
1250 1343 1411 1393 proinde

267 1409 420 1458 agmine
435 1408 638 1459 impeditos
653 1407 885 1444 adoriuntur.
920 1406 960 1442 Si
975 1405 1123 1456 pedites
1138 1404 1215 1443 suis
1228 1404 1416 1447 auxilium

267 1469 407 1514 ferant,
427 1477 542 1519 atque
563 1469 600 1506 in
620 1482 666 1506 eo
687 1475 896 1512 morentur,
924 1467 997 1505 iter
1015 1466 1153 1504 confici
1182 1479 1258 1503 non
1277 1478 1412 1516 posse:

268 1532 315 1577 si,
346 1532 384 1568 id
411 1531 517 1582 quod
540 1531 661 1580 magis
680 1530 853 1567 futurum.
879 1528 1061 1573 confidat,
1091 1528 1233 1565 relictis
1253 1526 1415 1577 impedi-

266 1593 420 1637 mentis,
448 1604 539 1629 suae
559 1591 671 1629 saluti
700 1590 914 1634 consulant,
946 1598 984 1627 et
1005 1602 1076 1626 usu
1095 1601 1221 1626 rerum
1241 1601 1418 1626 necessa-

266 1654 405 1691 riarum
439 1660 476 1691 et
496 1652 684 1703 dignitate
713 1652 916 1703 spoliatum
948 1651 1004 1687 iri.
1034 1663 1119 1687 nam
1149 1650 1197 1688 de
1217 1649 1410 1700 equitibus

266 1716 449 1761 hostium,
483 1716 573 1766 quin
593 1727 706 1752 nemo
727 1726 856 1750 eorum
877 1711 1055 1763 progredi
1075 1711 1189 1748 modo
1209 1720 1320 1748 extra
1344 1724 1410 1760 ag-

268 1790 355 1814 men
375 1777 527 1821 audeat,
565 1789 612 1813 ne
633 1776 735 1826 ipsos
754 1775 907 1825 quidem
934 1774 1076 1812 debere
1109 1773 1298 1811 dubitare.
1363 1771 1412 1810 ld

268 1851 344 1888 quo
364 1839 507 1887 majore
529 1836 672 1874 faciant
690 1835 830 1881 animo,
872 1835 1001 1885 copias
1020 1847 1060 1872 se
1080 1846 1212 1873 omnes
1241 1846 1312 1884 pro
1332 1845 1414 1870 cas-

268 1899 337 1935 tris
356 1898 589 1943 habiturum,
622 1904 661 1935 et
693 1897 828 1934 terrori
861 1896 1032 1934 hostibus
1061 1895 1243 1933 futurum.
1308 1894 1412 1932 Con-

270 1959 435 1997 clamant
465 1959 627 2008 equites,
657 1958 895 1995 sanctissimo
917 1956 1167 2007 jurejurando
1198 1954 1416 1993 confirmari

269 2027 461 2070 oportere,
481 2033 530 2057 ne
549 2028 654 2057 tecto
673 2019 893 2069 recipiatur,
912 2031 961 2055 ne
977 2018 1024 2055 ad
1039 2017 1192 2062 liberos,
1212 2029 1261 2054 ne
1279 2016 1328 2053 ad
1347 2028 1413 2067 pa-

269 2089 411 2127 rentes,
431 2094 479 2118 ne
499 2081 547 2118 ad
566 2094 726 2118 uxorem
742 2080 886 2117 aditum
906 2080 1058 2125 habeat,
1090 2078 1154 2130 qui
1174 2091 1250 2116 non
1268 2077 1326 2115 bis
1346 2089 1414 2128 per

268 2154 405 2190 agmen
426 2142 592 2178 hostiurn
611 2141 872 2191 perequitarit.

327 2201 496 2239 LXVII.
550 2202 715 2240 Probata
734 2215 789 2247 re,
809 2209 924 2252 atque
944 2201 1119 2239 omnibus
1149 2200 1197 2237 ad
1224 2200 1416 2249 jusjuran-

269 2263 358 2300 dum
380 2263 537 2311 adactis,
567 2271 722 2314 postero
743 2263 805 2301 die
824 2263 863 2300 in
896 2270 974 2301 tres
992 2269 1120 2316 partes
1148 2261 1352 2300 distributo
1373 2273 1413 2300 e·
