1556 2683
532 215 698 253 LIBER
750 215 825 254 111.
1217 223 1260 261 71

125 326 188 356 tur
207 318 389 369 cognosci
421 325 562 369 posset.
617 319 715 356 Tum
734 331 841 365 vem,
861 319 1028 359 clamore
1047 321 1095 359 ab
1114 334 1160 359 ea
1178 335 1263 372 par-

118 386 158 416 te
176 379 322 424 audito,
356 378 474 415 nostri
494 379 763 428 redintegratis
783 379 938 426 viribus,
976 382 1079 432 quod
1098 382 1265 432 plerum-

116 452 190 491 que
211 440 248 476 in
268 452 336 489 spe
355 439 538 477 victoriae
553 440 730 478 accidere
745 442 958 487 consuevit,
973 442 1098 480 acrius
1114 442 1264 493 impug-

116 512 207 538 nare
228 507 451 550 coeperunt.
506 499 664 546 Hostes,
688 501 858 552 undique
877 502 1144 548 circumventi,
1178 504 1263 540 des-

113 561 255 612 peratis
275 561 451 599 omnibus
471 561 597 607 rebus,
616 574 657 598 se
676 574 746 612 per
764 563 995 601 munitiones
1013 563 1198 614 dejicere,
1223 572 1263 602 et

111 622 205 673 fuga
225 622 385 659 salutem
406 629 553 672 petere,
574 622 832 661 intenderunt.
886 625 992 666 Quos
1012 625 1205 675 equitatus
1218 638 1258 662 a·

113 682 337 734 pertissimis
357 683 501 732 campis
521 691 782 730 consectatus,
801 696 850 721 ex
866 685 1026 721 millium
1041 696 1064 721 1,
1085 698 1260 732 numero,

114 756 211 794 quae
231 756 280 780 ex
302 742 512 793 Aquitania
540 743 818 794 Cantabrisque
849 745 1074 782 convenisse
1107 753 1260 784 consta-

111 803 192 850 bat,
218 804 283 840 vix
302 810 438 854 quarta
457 810 566 853 parte
585 804 734 850 relicta,
754 804 875 842 multa
889 813 1004 843 nocte
1019 819 1060 844 se
1075 806 1114 843 in
1135 815 1260 846 castra

111 864 272 915 recepit.
1245 856 1250 861 ⁴

162 924 330 964 XXVII.
375 925 465 963 Hac
484 925 615 963 audita
640 938 784 976 pugna,
804 926 972 964 maxima
986 940 1073 977 pars
1093 928 1258 978 Aquita-

108 985 296 1023 niae-sese
318 985 455 1023 Crasso
475 986 635 1031 dedidit,
665 986 894 1037 obsidesque
916 987 1016 1025 ultro
1035 989 1159 1031 misit;
1179 1003 1257 1040 quo

108 1048 146 1084 in
183 1059 344 1084 numero
369 1046 525 1084 suerunt
545 1047 729 1093 Tarbelli,
766 1047 1026 1098 Bigerriones,
1064 1049 1257 1096 Preciani,

106 1109 291 1154 Vocates,
325 1107 546 1153 Tarusates,
579 1108 767 1154 Elusates,
798 1109 968 1155 Garites,
1007 1110 1143 1156 Ausci,
1175 1110 1255 1148 Ga-

107 1170 248 1215 rumni,
281 1170 494 1216 Sibuzates,
515 1170 738 1208 Cocosates.
794 1170 944 1208 Paucae
962 1171 1116 1208 ultimae
1132 1173 1255 1209 natio-

106 1244 190 1279 nes,
209 1231 298 1269 anni
317 1238 491 1282 tempore
512 1231 692 1278 confisae,
725 1232 829 1282 quod
847 1232 970 1270 hiems
990 1233 1158 1279 suberat,
1179 1234 1255 1272 hoc

106 1292 235 1330 facere
254 1291 523 1342 neglexerunt.

157 1352 346 1390 XXVIII,
401 1351 551 1390 Eodem
582 1352 664 1390 sere
683 1358 858 1403 tempore
878 1352 1033 1397 Caesar,
1069 1352 1139 1389 etsi
1166 1366 1253 1403 pro-

102 1427 152 1466 pe
183 1421 321 1452 exacta
335 1415 414 1464 jam
434 1421 558 1451 aestas
578 1420 673 1459 erat,
693 1421 836 1459 tamen,
857 1413 973 1464 quod,
1003 1414 1106 1450 omni
1125 1413 1255 1451 Gallia

102 1483 255 1527 pacata,
277 1475 423 1512 Morini
444 1475 694 1526 Menapiique
724 1482 964 1525 supererant,
997 1475 1061 1525 qui
1081 1475 1119 1511 in
1139 1476 1253 1512 armis

101 1544 243 1583 essent,
272 1549 398 1587 neque
417 1536 466 1574 ad
485 1550 572 1574 eum
592 1549 760 1586 unquam
779 1536 927 1586 legatos
947 1535 994 1573 de
1012 1548 1110 1586 pace
1129 1537 1251 1574 misis-

101 1605 211 1642 sent3
241 1598 446 1636 arbitratus
466 1597 505 1635 id
523 1598 666 1636 bellum
686 1597 865 1635 celeriter
884 1597 1021 1635 confici
1051 1609 1178 1647 posse,
1204 1610 1251 1635 eo

102 1659 321 1697 exercitum
340 1659 525 1696 adduxit:
556 1658 620 1709 qui
639 1659 755 1708 longe
775 1657 849 1695 alia
868 1657 1029 1702 satione,
1049 1669 1094 1694 ae
1114 1657 1252 1708 reliqui

103 1719 220 1767 Galli,
239 1720 382 1758 bellum
402 1733 516 1771 agere
536 1720 797 1758 instituerunt.
851 1719 968 1764 Nam,
988 1718 1091 1769 quod
1110 1718 1251 1756 intelli-

101 1783 259 1833 gebant,
289 1782 475 1820 maximas
502 1781 691 1827 nationes,
721 1793 819 1832 quae
852 1780 999 1832 proelio
1030 1780 1251 1818 contendis-

100 1850 200 1889 sent,
229 1843 358 1894 pulsas
376 1850 652 1893 superatasque
672 1855 769 1888 esse,
797 1841 1117 1891 continentesque
1137 1841 1249 1878 silvas

98 1917 144 1943 ae
163 1904 324 1955 paludes
344 1904 551 1949 habebant,
565 1916 611 1941 eo
624 1917 664 1941 se
678 1916 822 1954 suaque
838 1902 966 1940 omnia
985 1902 1247 1939 contulerunt.

97 1966 163 2002 Ad
183 1979 343 2016 quarum
373 1965 523 2003 initium
549 1965 727 2003 silvarum
755 1977 872 2016 quum
894 1964 1036 2001 Caesar
1054 1963 1248 2013 pervenis-

97 2034 170 2073 set,
201 2035 403 2078 castraque
424 2027 572 2064 munire
592 2027 832 2072 instituisset,
864 2039 989 2077 neque
1010 2025 1131 2062 hostis
1151 2025 1247 2063 inte-

96 2088 166 2126 rim
185 2089 287 2125 visus
306 2096 407 2126 esset
425 2104 434 2132 ;
459 2088 639 2139 dispersis
672 2088 712 2125 in
731 2101 846 2138 opere
866 2087 1018 2132 nostris,
1051 2087 1178 2124 subito
1198 2100 1249 2124 ex

98 2149 274 2186 omnibus
302 2150 474 2200 partibus
511 2150 627 2187 silvae
656 2149 918 2194 evolaverunt,
949 2156 990 2186 et
1025 2148 1063 2184 in
1096 2155 1248 2185 nostros

98 2209 281 2260 impetum
300 2212 492 2249 fecerunt.
554 2211 686 2249 Nostri
706 2211 885 2249 celeriter
908 2223 1012 2248 arma
1045 2218 1247 2260 ceperunt,

97 2282 239 2322 cosque
257 2272 294 2308 in
314 2272 424 2316 silvas
445 2272 692 2322 repulerunt;
711 2279 765 2319 et,
787 2272 1047 2323 compluribus
1066 2271 1252 2309 interfec«
