1556 2683
294 250 368 288 126
576 249 652 286 DE
690 248 870 287 BELLO
911 248 1156 288 GALLICO

294 353 485 390 ciomarus
513 354 562 390 ad
581 360 706 390 castra
732 353 950 398 accederet,
980 361 1094 390 nocte
1114 365 1189 390 una
1216 351 1440 390 intromissis

295 414 487 464 equitibus
508 415 677 451 omnium
696 414 941 451 finitimarum
962 414 1173 459 civitatum,
1198 427 1293 464 quos
1312 427 1438 452 arces-

292 475 433 512 sendos
454 483 667 520 curaverat,
698 482 804 512 tanta
823 476 1022 526 diligentia
1041 488 1173 512 omnes
1203 488 1292 512 suos
1312 482 1440 512 custo-

294 535 367 573 diis
388 536 485 573 intra
505 543 628 573 castra
657 536 860 581 continuit,
893 544 934 573 ut
954 535 1057 573 nulla
1076 536 1223 573 ratione
1243 547 1289 573 ea
1319 548 1380 572 res
1400 548 1440 572 e-

293 596 483 640 nunciari,
513 604 579 633 aut
598 597 645 634 ad
666 597 843 634 Treviros
862 596 1038 647 perferri,
1070 603 1212 647 posset.
1265 596 1438 641 Interim,

293 670 343 694 ex
365 658 643 694 consuetudine
664 658 900 708 quotidiana,
934 658 1224 695 Induciomarus
1250 657 1299 694 ad
1318 664 1441 694 castra

293 717 460 762 accedit,
490 725 606 768 atque
626 718 677 755 ibi
697 731 873 767 magnam
893 725 1039 768 partem
1061 718 1136 755 diei
1158 717 1369 755 consumit:
1398 729 1438 754 e-

294 778 419 827 quites
438 777 515 815 tela
535 778 760 828 conjiciunt,
781 786 819 816 et
837 792 977 829 magna
996 793 1083 817 cum
1104 779 1338 817 contumelia
1357 792 1439 816 ver-

292 838 428 875 borum
446 846 594 876 nostros
615 840 662 876 ad
682 852 851 889 pugnam
871 847 1046 877 evocant.
1101 840 1218 877 Nullo
1234 840 1280 877 ab
1301 838 1439 877 nostris

291 899 383 936 dato
405 913 600 949 responso,
629 901 692 937 ubi
712 901 832 938 visum
853 908 926 946 est,
954 902 1023 937 sub
1043 913 1244 951 vesperum
1276 900 1436 951 dispersi

295 973 342 998 ac
361 960 531 1011 dissipati
552 962 767 999 discedunt.
823 962 959 999 Subito
980 962 1174 999 Labienus
1190 962 1337 998 duabus
1350 974 1439 1012 por-

293 1022 341 1059 tis
365 1035 516 1059 omnem
538 1023 748 1073 equitatum
770 1023 933 1066 emittit;
963 1023 1152 1073 praecipit
1178 1030 1294 1073 atque
1323 1022 1439 1059 inter-

292 1084 400 1128 dicit,
431 1085 644 1134 proterritis
673 1085 846 1122 hostibus
875 1093 990 1135 atque
1018 1084 1056 1121 in
1076 1084 1206 1134 fugam
1239 1084 1440 1133 conjectis,

297 1144 422 1196 (quod
441 1145 537 1190 fore,
571 1145 669 1183 sicut
700 1146 856 1191 accidit,
887 1144 1060 1195 videbat)
1086 1158 1203 1181 unum
1225 1157 1356 1181 ornnes
1375 1156 1442 1194 pe-

293 1214 376 1243 tant
399 1206 731 1249 lnduciomamni;
761 1220 835 1243 neu
857 1207 940 1256 quis
971 1219 1084 1256 quem
1117 1205 1221 1256 prius
1252 1205 1441 1251 vulneret,

293 1281 407 1318 quam
430 1267 532 1303 illum
553 1267 801 1304 interfectum
822 1267 972 1311 viderit,
1002 1266 1119 1317 quod,
1148 1279 1255 1303 mora
1275 1266 1440 1317 reliquo-

292 1342 376 1365 rum
397 1328 560 1378 spatium
581 1336 751 1374 nactum,
779 1328 885 1365 illum
904 1327 1074 1378 effugere
1094 1327 1273 1364 nolebat:
1302 1340 1442 1377 magna

290 1390 473 1440 proponit
503 1389 561 1434 iis,
591 1389 656 1439 qui
677 1389 904 1434 occiderint,
934 1388 1122 1438 praemia:
1153 1389 1344 1426 submittit
1376 1402 1439 1426 co-

291 1450 423 1488 hortes
439 1450 631 1500 equitibus
651 1451 831 1488 subsidio.
875 1450 1110 1499 Comprobat
1129 1449 1293 1486 hominis
1313 1450 1437 1487 consi-

291 1510 384 1548 lium
406 1511 572 1556 fortuna,
592 1518 644 1557 et,
666 1525 782 1562 quum
803 1525 920 1549 unum
935 1524 1066 1549 omnes
1087 1518 1277 1562 peterent,
1298 1510 1335 1547 in
1356 1510 1438 1562 ipso

290 1573 459 1610 fluminis
479 1573 576 1609 vado
597 1573 872 1624 deprehensus,
886 1572 1180 1609 Induciomarus
1200 1571 1441 1619 interficitur,

293 1642 489 1684 caputque
517 1636 599 1683 ejus
619 1634 786 1671 refertur
805 1634 843 1670 in
864 1642 1012 1671 castra:
1040 1634 1245 1672 redeuntes
1274 1633 1438 1684 equites,

294 1708 389 1746 quos
409 1693 583 1745 possunt,
606 1703 880 1734 consectantur
899 1703 1014 1746 atque
1035 1696 1230 1733 occidunt.
1287 1694 1374 1732 Hac
1395 1708 1437 1732 re

291 1755 460 1804 cognita,
490 1768 622 1792 omnes
644 1756 867 1794 Eburonum
890 1766 927 1793 et
957 1756 1202 1801 Nerviorum,
1231 1768 1328 1806 quae
1349 1768 1439 1792 con-

292 1825 490 1861 venerant,
511 1818 644 1867 copiae
664 1818 823 1855 discedu
843 1831 865 1853 ,ῑ
882 1832 891 1854 t
920 1817 1125 1869 paulloque
1145 1816 1280 1854 habuit
1297 1823 1384 1867 post
1400 1816 1439 1853 id

292 1877 436 1915 factum
458 1878 598 1916 Cacsar
619 1878 846 1929 quietiorem
867 1878 1045 1917 Galliam.

718 2124 885 2162 LIBER
940 2124 1006 2161 VI.

341 2247 373 2283 Ι.
428 2246 638 2285 MULTIS
658 2247 706 2284 de
727 2247 884 2292 caussis,
906 2248 1061 2293 Caesar,
1082 2248 1265 2297 majorem
1286 2247 1436 2286 Galliae

290 2317 436 2347 motum
470 2317 715 2360 exspectanS,
742 2322 812 2359 per
843 2309 901 2346 M.
932 2309 1118 2355 Silanum,
1147 2309 1192 2347 C.
1219 2309 1433 2348 Antistium
