1556 2683
605 294 772 333 LIBER
825 294 858 332 1.
1275 301 1324 340 13

171 410 272 436 mam
288 398 325 436 in
339 410 379 436 se
393 397 646 444 voluntatem,
659 399 855 449 egregiam
870 398 999 445 fidem,
1007 399 1211 449 justitiam,
1225 407 1324 440 tem-

169 459 394 509 perantiam,
414 467 648 510 cognoverat
664 473 674 496 :
712 473 814 506 nam,
833 473 882 498 ne
901 462 984 510 ejus
1003 461 1193 511 supplicio
1214 462 1323 499 Divi-

170 519 261 557 tiaci
288 519 455 557 animum
488 519 713 566 offenderet,
745 521 964 559 verebatur.
1028 521 1180 572 Itaque,
1218 522 1326 572 prius

172 593 286 630 quam
306 580 512 631 quidquam
534 589 752 627 conaretur,
785 582 1021 620 Divitiacum
1041 583 1090 620 ad
1121 595 1160 620 se
1192 584 1324 621 vocari

165 643 290 690 jubet,
311 649 364 687 et,
388 641 620 692 quotidianis
653 642 927 693 interpretibus
960 643 1130 689 remotis,
1170 657 1240 695 per
1275 644 1321 682 C.

174 703 366 741 Valerium
383 702 604 748 Procillum,
624 703 837 755 principem
853 704 1002 742 Galliae
1018 705 1252 755 provinciae,
1267 705 1322 743 fa-

169 764 355 802 miliarem
375 777 500 810 suum,
517 764 579 802 cui
591 777 778 802 summam
796 765 965 803 omnium
981 779 1110 802 rerum
1125 765 1239 802 fidem
1256 766 1323 803 ha-

168 826 298 872 bebat,
315 839 401 863 cum
423 839 469 863 eo
485 826 717 877 colloquitur
732 839 741 864 ε
769 826 879 864 simul
896 827 1192 864 commonefacit
1206 841 1319 878 quae,

169 887 252 937 ipso
272 895 489 937 praesente,
518 887 556 924 in
589 887 756 926 concilio
781 887 980 926 Gallorum
1010 888 1059 926 de
1079 888 1323 939 Dumnorige

169 948 246 986 sint
266 948 383 993 dicta,
402 956 441 985 et
461 948 644 994 ostendit,
680 962 779 1000 quae
804 949 1009 1000 separatim
1029 949 1188 1000 quisque
1208 950 1256 986 de
1275 963 1323 988 eo

168 1010 272 1059 apud
287 1022 328 1048 se
347 1009 501 1047 dixerit.
556 1010 674 1055 Petit,
701 1018 817 1061 atque
843 1012 1033 1056 hortatur,
1062 1018 1117 1057 ut,
1137 1011 1220 1048 sine
1238 1012 1323 1060 ejus

120 1120 124 1123 ι
172 1070 382 1108 offensione
400 1072 530 1117 animi,
561 1072 621 1109 vel
642 1072 722 1122 ipse
741 1073 790 1109 de
809 1086 870 1118 eo,
890 1085 1025 1111 caussa
1044 1072 1217 1122 cognita,
1245 1079 1321 1111 sta-

172 1139 269 1176 tuat,
298 1132 357 1169 vc}
378 1133 573 1171 civitatem
593 1141 762 1171 statuere
776 1135 926 1184 jubeat.

223 1193 311 1231 XX.
366 1194 582 1232 Divitiacus
617 1195 746 1233 multis
783 1208 871 1232 cum
903 1194 1084 1240 lacrimis,
1117 1196 1323 1233 Caesarem

169 1253 408 1304 complexus,
429 1255 631 1293 obsecrare
651 1255 794 1306 coepit,
822 1268 871 1293 nc
898 1256 989 1306 quid
1008 1256 1160 1306 gravius
1179 1257 1218 1292 in
1245 1255 1322 1293 fra-

170 1324 270 1354 trem
295 1323 508 1354 statueret:
537 1318 634 1355 scire
654 1329 695 1354 se
726 1318 789 1354 illa
818 1330 902 1355 esse
920 1330 1038 1360 vera;
1080 1330 1153 1355 nee
1189 1330 1322 1368 quem-

169 1390 284 1429 quam
315 1391 365 1415 ex
398 1390 444 1415 eo
464 1377 564 1428 plus,
594 1391 706 1429 quam
727 1392 782 1425 se,
810 1378 951 1416 doloris
983 1391 1137 1428 capere,
1164 1386 1321 1429 propte-

168 1453 232 1477 rea
252 1440 370 1491 quod,
396 1453 513 1489 quum
534 1440 614 1490 ipse
633 1441 757 1490 gratia
775 1441 981 1491 plurimum
1002 1440 1119 1485 domi,
1147 1447 1264 1490 atquc
1283 1441 1322 1476 in

170 1501 318 1552 reliqua
338 1501 479 1547 Gallia,
512 1501 575 1539 ille
605 1502 801 1539 minimum
833 1509 991 1553 propter
1022 1502 1321 1540 adolescentiam

169 1569 315 1614 posset,
331 1576 400 1613 per
415 1575 456 1600 se
471 1563 672 1606 crevisset;
698 1564 836 1614 quibus
856 1564 992 1614 opibus
1012 1577 1056 1602 ac
1075 1563 1216 1610 nervis,
1243 1577 1323 1601 non

167 1624 291 1662 solum
307 1624 356 1661 ad
374 1623 622 1662 minuendam
642 1614 819 1674 gratiam,
845 1624 914 1662 sed
947 1637 1069 1675 paene
1088 1624 1137 1661 ad
1155 1624 1322 1675 pernici-

169 1699 232 1724 em
252 1698 373 1731 suam,
395 1692 592 1722 uteretur:
621 1698 704 1723 sese
725 1692 853 1722 tamen
870 1692 909 1724 et
928 1698 1059 1723 amore
1078 1685 1262 1731 fraterno,
1282 1693 1322 1722 ct

166 1746 457 1784 existimatione
487 1746 606 1796 vulgi,
639 1746 885 1784 commoveri.
938 1746 1055 1789 Quod
1073 1748 1104 1784 si
1124 1747 1217 1798 quid
1236 1747 1272 1784 ei
1300 1760 1324 1784 a

169 1809 336 1846 Caesare
355 1807 508 1858 gravius
526 1808 745 1854 accidisset,
778 1822 894 1859 quum
914 1808 994 1859 ipse
1014 1821 1104 1849 eum
1121 1809 1249 1847 locum
1283 1821 1322 1846 a·

149 1870 338 1908 ·rnicitiae
358 1869 462 1920 apud
480 1882 567 1907 eum
596 1877 760 1914 teneret,
801 1870 992 1907 neminem
1013 1869 1323 1908 existimaturum

170 1944 250 1968 non
269 1944 337 1969 sua
355 1931 553 1968 voluntate
572 1930 717 1968 factum
733 1947 743 1975 ;
771 1944 846 1982 qua
865 1945 914 1969 ex
929 1945 971 1969 re
984 1930 1172 1976 futurum,
1187 1931 1243 1968 uti
1262 1938 1321 1968 to-

168 1992 244 2030 tius
263 1992 414 2030 Galliae
432 1992 548 2029 animi
567 2004 589 2029 a
607 2004 648 2029 se
663 1998 941 2030 averterentur.
970 1991 1083 2030 Haec
1100 2004 1216 2041 quum
1235 1991 1320 2042 plu-

168 2054 272 2092 ribus
291 2053 417 2091 verbis
436 2053 532 2091 flens
553 2066 576 2090 a
595 2053 760 2091 Caesare
778 2060 944 2104 peteret,
964 2053 1107 2091 Caesar
1125 2053 1208 2101 ejus
1228 2053 1323 2090 dex·

168 2124 266 2152 tram
298 2115 475 2166 prendit;
513 2114 743 2161 consolatus,
764 2121 874 2165 rogat
892 2114 1006 2152 finem
1028 2113 1164 2152 orandi>
1180 2113 1321 2152 faciat:

170 2176 269 2214 tanti
287 2178 371 2226 ejus
390 2176 490 2226 apud
513 2188 554 2213 se
573 2175 734 2226 gratiam
756 2189 839 2213 esse
858 2176 1043 2221 ostendit,
1062 2175 1119 2212 uti
1138 2182 1178 2214 et
1195 2174 1323 2225 reipu-

168 2238 294 2275 blicae
314 2238 505 2288 injuriam,
527 2244 568 2275 et
598 2249 709 2274 suum
734 2237 921 2283 dolorem,
951 2239 1032 2287 ejus
1058 2236 1248 2273 voluntati
1277 2248 1322 2273 ac

169 2299 352 2349 precibus
371 2298 579 2336 condonet.
633 2298 914 2349 Dumnorigem
941 2298 991 2335 ad
1019 2310 1060 2335 se
1091 2304 1220 2342 vocat,
1248 2296 1323 2335 fra-

169 2367 270 2399 trem
286 2361 467 2403 adhibet:
488 2372 587 2411 quae
603 2359 642 2397 in
657 2373 704 2398 eo
720 2359 993 2411 reprehendat,
1008 2357 1179 2397 ostendit
1198 2370 1207 2394 :
1225 2370 1324 2408 quae
