1556 2683
533 285 697 324 LIBER
751 285 862 323 V111.
1154 287 1156 291 ⁴
1217 291 1291 327 2213

146 387 327 433 hostium,
347 389 570 438 perturbato
586 389 944 439 impedimentorum
960 389 1126 439 agmine,
1146 403 1287 440 magno

147 449 315 486 clamore
345 449 596 500 discursuque
626 450 764 500 passim
783 450 896 500 fugae
924 463 964 487 se
985 451 1179 488 mandant.
1238 454 1291 489 At

147 510 268 546 nostri
285 511 447 560 equites,
477 510 541 561 qui
560 511 688 562 paullo
707 519 796 549 ante
818 524 905 548 cum
926 512 1192 549 resistentibus
1213 512 1288 549 for-

147 570 292 607 tissime
321 571 589 616 conflixerant,
623 571 768 608 laetitia
800 572 983 609 victoriae
1013 572 1116 617 elati,
1151 586 1290 622 magno

147 631 318 681 undique
328 632 494 669 clamore
507 632 671 678 sublato,
685 633 911 670 cedentibus
928 633 1161 675 circumfusi,
1173 647 1292 684 quan-

148 699 229 728 tum
250 705 436 742 equorum
456 692 555 729 vires
574 692 622 730 ad
641 692 962 743 persequendum,
984 694 1221 743 dextraeque
1243 694 1292 731 ad

148 753 402 798 caedendum,
434 753 576 797 valent,
608 761 756 790 tantum
784 766 831 790 eo
863 754 1006 803 proelio
1044 754 1293 792 interficiunt.

146 814 283 864 Itaque
302 814 464 864 amplius
486 814 651 851 millibus
681 825 743 850 xu
775 822 842 851 aut
867 822 1114 860 armatorum,
1143 822 1209 852 aut
1229 828 1293 853 co-

147 888 246 920 rum,
275 876 340 925 qui
359 875 494 912 timore
514 887 620 912 arma
637 876 893 925 projecerant,
922 875 1149 921 interfectis,
1170 877 1293 914 omnis

146 936 354 973 multitudo
375 935 526 985 capitur
544 935 918 985 impedimentorum.

198 996 324 1033 XXX.
381 998 466 1038 Qua
485 1008 534 1032 ex
553 996 659 1046 fuga,
691 1010 807 1047 quum
833 1005 1042 1043 constaret,
1063 998 1292 1048 Drappeten

150 1057 357 1102 Senoncm,
379 1057 478 1108 (qui,
500 1064 542 1094 ut
561 1059 723 1107 prunum
745 1057 940 1095 defecerat
960 1058 1099 1103 Gallia,
1121 1059 1295 1096 collectis

146 1118 314 1168 undique
329 1118 487 1168 perditis
502 1118 735 1164 horninibus,
755 1119 870 1156 servis
886 1119 933 1155 ad
948 1119 1164 1156 libertatem
1180 1132 1293 1157 voca-

148 1179 210 1224 tis,
231 1178 426 1216 exsulibus
447 1178 614 1215 omnium
637 1178 835 1216 civitatum
855 1179 1026 1224 adscitis,
1055 1180 1220 1229 receptis
1241 1180 1295 1217 la-

146 1239 333 1283 tronibus,
355 1239 629 1289 impedimenta
647 1246 686 1276 et
703 1247 940 1276 commeatus
960 1240 1223 1277 Romanorum
1239 1241 1296 1277 in-

148 1299 386 1351 terceperat)
422 1313 497 1336 non
518 1300 679 1349 amplius
700 1300 895 1336 hominum
919 1312 950 1336 11
972 1301 1137 1337 millibus
1157 1314 1206 1337 ex
1235 1301 1295 1338 fu-

151 1374 200 1412 ga
234 1361 419 1405 collectis,
457 1360 690 1410 provinciam
724 1368 870 1410 petere,
908 1375 1059 1412 unaque
1094 1361 1295 1399 consilium

147 1434 235 1460 curn
266 1435 312 1459 eo
332 1421 559 1458 Lucterium
583 1421 804 1458 Cadurcum
825 1421 985 1471 cepisse,
1021 1422 1155 1473 (quem
1183 1436 1298 1473 supe-

147 1484 248 1521 riore
269 1483 569 1527 Commentario,
592 1483 713 1532 prima
734 1483 954 1520 defectione
976 1482 1140 1528 Galliae,
1168 1483 1297 1521 facere

148 1545 187 1582 in
217 1544 454 1595 provinciam
475 1544 660 1594 impetum
681 1545 858 1590 voluisse,
889 1545 1087 1594 cognitum
1108 1544 1187 1595 est)
1224 1545 1297 1582 Ca-

150 1606 276 1644 ninius
309 1606 458 1656 legatus
486 1619 574 1643 cum
599 1605 814 1654 legionibus
836 1617 867 1640 11
902 1605 950 1642 ad
971 1618 1037 1641 eos
1064 1618 1298 1655 persequen-

149 1669 219 1706 dos
247 1668 462 1713 contendit,
495 1681 543 1704 ne
563 1667 611 1704 de
631 1666 862 1703 detrimento
892 1673 958 1703 aut
977 1666 1114 1703 timore
1145 1666 1296 1717 provin-

150 1730 232 1768 ciae
253 1741 393 1778 magna
410 1720 580 1774 infamia,
600 1727 837 1778 perditorum
853 1726 1051 1764 hominum
1071 1727 1294 1774 latrociniis,

150 1798 365 1840 caperetur.

201 1853 347 1890 XXXI.
403 1853 446 1890 C.
468 1852 606 1890 Fabius
624 1866 711 1891 cum
730 1853 878 1903 reliquo
900 1852 1076 1890 exercitu
1097 1853 1134 1890 in
1152 1854 1298 1891 Carnu-

151 1922 222 1960 tes,
236 1922 462 1964 ceterasque
477 1914 732 1964 proficiscitur
747 1914 935 1959 civitates,
952 1926 1112 1963 quarum
1125 1926 1171 1951 eo
1187 1927 1298 1964 proe-

149 1975 215 2020 lio,
235 1974 339 2025 quod
359 1988 447 2011 cum
467 1974 672 2012 Dumnaco
700 1974 860 2019 fecerat,
891 1974 1020 2024 copias
1040 1987 1123 2010 esse
1152 1974 1298 2011 accisas

150 2036 296 2073 sciebat
313 2049 321 2071 :
343 2048 420 2072 non
440 2035 541 2072 enim
561 2035 776 2081 dubitabat,
797 2035 888 2086 quin
909 2035 1060 2072 recenti
1080 2035 1297 2072 calamitate

149 2095 413 2132 submissiores
432 2103 560 2132 essent
579 2095 749 2139 futurae;
769 2096 859 2133 dato
874 2109 964 2133 vero
979 2095 1118 2146 spatiO,
1139 2108 1184 2132 ac
1205 2103 1300 2132 tem-

154 2169 263 2207 pore,
301 2156 436 2193 eodem
470 2157 635 2194 instante
665 2156 884 2202 Dumnaco,
913 2164 1069 2208 possent
1099 2156 1298 2194 concitari.

151 2218 238 2259 Qua
256 2217 294 2253 in
316 2230 355 2254 re
376 2230 523 2254 summa
542 2217 704 2254 felicitas
725 2218 978 2268 celeritasque
1005 2218 1043 2254 in
1064 2217 1300 2267 recipiendis

152 2277 371 2316 civitatibus
392 2277 550 2315 Fabium
571 2279 843 2329 consequitur:
873 2292 960 2316 narn
982 2279 1185 2324 Carnutes,
1221 2279 1299 2329 qui,

153 2351 266 2389 saepe
285 2338 429 2384 vexati,
449 2351 642 2390 nunquam
659 2340 764 2390 pacis
776 2339 950 2378 fecerant
965 2339 1213 2386 mentionem,
1233 2339 1298 2377 da-
