1556 2683
553 202 721 240 LIBER
774 202 844 238 IV.
1240 204 1291 243 75

139 318 222 343 rum
243 303 457 356 occupatis,
475 304 698 354 priusquam
713 316 760 342 ea
774 317 862 354 pars
882 302 1172 354 Menapiorum,
1192 318 1291 356 quae

135 367 234 405 citra
256 366 434 403 Rhenum
455 365 585 416 quieta
603 367 640 402 in
661 367 737 403 suis
757 365 911 403 sedibus
930 373 1028 411 erat,
1055 366 1196 404 certior
1223 366 1291 404 fie-

138 436 210 473 ret,
231 428 374 465 flumen
391 427 645 469 transierunt;
666 438 796 477 atque,
812 428 989 464 omnibus
1004 440 1138 465 eorum
1157 427 1290 464 aedifi-

138 489 208 526 ciis
228 488 443 538 occupatis,
476 487 662 538 reliquam
690 495 836 538 partem
858 487 992 525 hiemis
1011 499 1053 525 se
1073 500 1206 525 eorum
1227 501 1292 526 co-

135 551 208 602 piis
229 550 419 588 aluerunt.

188 611 237 649 V.
292 611 366 649 His
381 612 429 648 de
445 611 573 656 rebus,
592 611 747 656 Caesar,
763 611 905 649 certior
920 610 1059 657 factus,
1080 619 1119 649 et
1135 612 1292 651 infirmi-

136 679 256 713 tatem
273 671 473 710 Gauorum
488 672 645 717 veritus,
667 673 769 723 quod
785 680 874 710 sunt
894 674 933 709 in
948 673 1114 710 consiliis
1135 673 1292 724 capien-

136 735 199 774 dis
209 734 385 779 mobiles,
399 740 439 771 et
451 733 558 770 novis
574 734 799 784 plerumque
813 735 927 772 rebus
940 736 1111 781 student,
1124 736 1221 772 nihil
1232 735 1291 773 his

139 795 458 836 committendum
480 795 724 832 existimavit.
781 795 850 833 Est
869 804 996 834 autem
1017 797 1091 834 hoc
1112 796 1289 835 Gallicae

137 856 442 902 consuetudinis,
465 856 519 893 uti
539 863 577 893 et
598 856 763 894 viatores
784 859 897 895 etiam
919 857 1061 896 invitos
1079 859 1296 896 consisterev

137 927 295 970 cogant,
311 925 362 962 et,
380 918 484 969 quod
499 918 661 968 quisque
677 932 809 956 eorum
826 919 873 957 de
889 934 1043 971 quaque
1059 933 1099 958 re
1115 919 1297 965 audierit,

139 990 206 1020 aut
238 980 478 1031 cognoverit,
509 987 721 1030 quaerant;
757 989 796 1018 et
821 989 1056 1019 mercatores
1085 981 1122 1018 in
1144 981 1300 1032 oppidis

138 1043 278 1094 vulgus
294 1042 564 1088 circumsistat,
584 1042 801 1092 quibusque
816 1055 866 1079 ex
881 1044 1104 1092 regionibus
1122 1043 1293 1088 veniant,

135 1116 309 1155 quasque
330 1103 381 1141 ibi
397 1116 458 1141 res
473 1103 740 1153 cognoverim,
753 1104 1009 1154 pronunciare
1023 1111 1179 1154 cogant.
1222 1104 1300 1142 His·

137 1165 354 1203 rumoribus
369 1172 485 1216 atque
501 1165 761 1202 auditionibus
776 1165 956 1215 permoti,
976 1166 1024 1203 de
1039 1165 1197 1203 summis
1213 1178 1296 1203 sae-

136 1240 186 1278 pe
202 1227 316 1264 rebus
336 1226 495 1264 consilia
515 1225 671 1263 ineunt:
700 1239 864 1276 quorum
884 1239 953 1264 eos
976 1239 998 1263 e
1017 1226 1183 1276 vestigio
1203 1237 1296 1276 poe-

138 1287 262 1326 nitere
282 1299 441 1325 necesse
462 1294 535 1332 est,
556 1300 674 1337 quum
695 1287 851 1324 incertis
871 1287 1090 1325 rumoribus
1109 1289 1293 1333 serviant,

137 1357 178 1389 et
196 1349 370 1401 plerique
389 1348 437 1385 ad
457 1348 697 1386 voluntatem
716 1361 852 1386 eorum
871 1349 963 1386 ficta
982 1349 1258 1400 respondeant.

188 1411 259 1447 Vl.
314 1411 402 1451 Qua
431 1409 712 1447 consuetudine
743 1409 913 1460 cognita,
945 1410 1101 1455 Caesar,
1131 1423 1180 1448 ne
1211 1423 1299 1460 gra-

138 1472 232 1512 viori
252 1472 355 1509 bello
374 1479 613 1517 occurreret,
635 1472 835 1517 maturius,
865 1484 980 1522 quam
1001 1472 1222 1518 consuerat,
1250 1471 1301 1510 ad

137 1534 353 1574 exercitum
373 1532 642 1584 proficiscitur.
691 1532 749 1569 Eo
769 1546 887 1583 quum
907 1533 1088 1578 venisset,
1118 1546 1179 1580 ea,
1199 1547 1299 1584 quae

137 1597 220 1635 fore
250 1595 466 1646 suspicatus
486 1602 582 1640 erat,
610 1594 714 1632 facta
734 1595 941 1644 cognovit;
974 1594 1107 1632 missas
1136 1595 1299 1645 legatio-

137 1671 207 1697 nes
223 1658 270 1695 ab
287 1656 483 1694 nonnullis
502 1656 722 1694 civitatibus
734 1656 782 1694 ad
797 1656 1028 1702 Germanos,
1041 1656 1301 1708 invitatusque

142 1733 224 1764 eOS,
251 1718 307 1756 uti
326 1718 374 1755 ab
398 1717 534 1755 Rheno
554 1717 826 1761 discederent3
855 1719 1075 1769 omniaque,
1096 1731 1194 1769 quae
1214 1732 1301 1769 pos-

138 1782 342 1825 mussent,
372 1779 419 1816 ab
439 1791 480 1816 se
498 1778 581 1816 fore
610 1787 756 1830 parata.
811 1780 898 1821 Qua
918 1792 985 1830 spe
1005 1779 1176 1826 adducti,
1201 1780 1300 1818 Ger-

139 1842 242 1881 mani
262 1842 375 1879 lazius
391 1843 472 1891 jam
491 1841 746 1891 vagabantur,
765 1840 858 1878 etin
877 1841 974 1878 fines
995 1841 1239 1886 Eburonum,
1259 1849 1300 1880 et

139 1903 445 1947 Condrusorum,
466 1900 531 1951 qui
546 1909 636 1938 sunt
652 1901 898 1939 Trevirorum
915 1902 1091 1948 clientes,
1113 1916 1301 1953 pervene-

137 1971 238 2002 rant.
293 1962 538 2013 Principibus
558 1961 710 2000 Galliae
728 1964 914 2008 evocatis,
951 1965 1093 2002 Caesar
1113 1978 1172 2009 ea,
1203 1977 1302 2015 quae

139 2034 390 2073 cognoverat,
410 2024 685 2061 dissimulanda
704 2024 776 2062 sibi
797 2025 1056 2067 existimavit;
1085 2038 1301 2076 eorumque

139 2087 275 2124 animis
290 2084 493 2136 permulsis
510 2092 548 2121 et
564 2084 813 2130 confirmatis,
830 2086 1084 2136 equitatuque
1101 2086 1305 2137 imperato,

139 2147 286 2185 bellum
307 2161 394 2185 cum
412 2146 619 2184 Germanis
638 2159 777 2197 gerere
797 2148 1012 2184 constituit.

198 2208 285 2246 VII.
341 2208 401 2246 Re
419 2207 670 2245 frumentaria
685 2216 921 2260 comparata,
942 2210 1217 2261 equitibusque
1239 2210 1306 2249 de-

141 2270 269 2319 lectis,
293 2271 368 2310 iter
387 2270 427 2308 in
446 2283 493 2309 ea
510 2269 597 2309 loca
628 2270 759 2309 facere
786 2271 932 2322 coepit,
966 2270 1105 2322 quibus
1136 2271 1176 2309 in
1207 2272 1304 2310 locis
