1556 2683
257 286 328 327 104
534 288 608 326 DE
649 285 828 326 BELLO
870 288 1114 328 GALLICO

251 399 371 436 verat,
402 404 543 441 pecora
563 400 677 442 atque
709 393 882 430 homines
903 407 952 430 ex
971 393 1072 443 agris
1094 393 1131 429 in
1158 389 1268 429 silvas
1288 389 1398 430 eome'

250 454 436 503 pellebat:
457 462 508 497 et,
530 468 645 503 quum
662 454 854 504 equitatus
870 463 999 491 noster
1017 454 1185 498 liberius,
1207 454 1395 503 praedann‘

253 513 289 550 di
309 515 558 564 vastandique
588 528 735 559 caussa,
765 528 805 552 se
826 515 863 552 in
884 528 994 564 agros
1014 515 1240 559 effunderet,
1272 514 1395 550 omni-

250 573 314 609 bu>
335 575 400 610 viis
417 574 515 610 notis
531 575 751 625 semitisque
767 576 977 612 essedarios
993 588 1041 612 ex
1059 575 1160 612 silvis
1175 575 1374 611 emittebat
1384 583 1400 615 ;⁴

251 641 302 679 et,
330 648 468 684 magno
496 648 583 672 cum
602 636 773 685 periculo
793 644 1008 673 nostrorum
1030 636 1215 686 equitum,
1245 648 1332 672 cum
1354 634 1400 670 iis

251 695 498 744 confligebat,
519 703 633 746 atque
654 696 728 733 hoc
747 704 852 733 metu
871 696 982 733 latius
1001 697 1128 746 vagari
1148 696 1394 746 prohibebat.

251 755 571 806 Relinquebatur,
592 764 634 793 ut
650 770 774 807 neque
794 758 945 807 longius
965 758 1011 794 ab
1027 758 1178 807 agmine
1198 756 1395 806 legionum

249 815 394 853 discedi
429 818 570 854 Caesar
599 824 810 866 pateretur,
840 825 878 855 ct
897 825 1046 854 tantum
1066 818 1103 854 in
1123 817 1224 867 agris
1243 824 1398 853 vastan-

251 876 322 921 dis,
344 877 607 927 incendiisque
624 877 821 923 faciendis,
842 879 1014 914 hostibus
1030 885 1252 922 noceretur,
1279 890 1398 927 quan-

250 944 331 973 tum
351 938 480 975 labore
501 945 616 988 atque
634 938 768 975 itinere
788 939 987 988 legionarii
1003 939 1142 975 milites
1158 938 1306 976 efficere
1327 952 1395 988 po-

252 1007 390 1036 terant.

301 1060 387 1096 XX.
443 1061 601 1098 Interim
618 1061 888 1108 Trinobantes,
902 1075 1021 1112 propo
1037 1061 1250 1098 firmissima
1262 1074 1393 1098 earum

253 1122 453 1172 regionum
483 1124 628 1169 civitas,
660 1138 709 1161 ex
739 1138 812 1175 qua
837 1124 1133 1161 Mandubratius
1158 1124 1396 1169 adolescens,

251 1184 425 1221 Caesaris
445 1184 558 1221 fidem
579 1193 746 1231 secutus,
777 1186 825 1222 ad
846 1199 931 1223 cum
954 1186 990 1221 in
1018 1184 1279 1222 continentem
1301 1185 1394 1222 Gal-

250 1245 339 1282 liam
359 1253 531 1289 venerat,
557 1245 688 1296 (cujus
704 1254 813 1296 pater
833 1246 1096 1283 Imanuentius
1117 1246 1154 1282 in
1174 1259 1220 1282 ea
1240 1246 1394 1283 civitate

249 1319 411 1355 regnum
433 1307 664 1353 obtinuerat,
684 1308 987 1358 interfectusque
1003 1314 1085 1344 erat
1103 1319 1125 1343 a
1142 1307 1394 1344 Cassivellau-

250 1381 322 1409 n03
343 1367 422 1417 ipsc
442 1368 533 1417 fuga
550 1375 713 1404 mortem
733 1368 938 1419 vitaverat)
962 1368 1108 1418 legatos
1124 1368 1173 1405 ad
1189 1368 1394 1406 Caesarem

247 1428 421 1473 mittunt,
441 1429 747 1479 pollicenturque
763 1442 846 1465 sese
861 1428 896 1465 ei
912 1428 1123 1472 dedituros,
1144 1434 1258 1478 atque
1276 1428 1396 1478 impe·-

249 1496 332 1525 rata
359 1489 551 1527 facturos:
580 1497 730 1540 petunt,
762 1497 804 1526 ut
837 1489 1151 1526 Mandubratium
1182 1490 1229 1525 ab
1261 1489 1399 1538 injuria

252 1550 525 1587 Cassivellauni
552 1551 734 1588 defendat
753 1557 869 1600 atque
890 1550 928 1586 in
949 1550 1141 1586 civitatem
1162 1550 1302 1594 mittat,
1333 1549 1397 1599 qui

248 1611 404 1661 praesit,
437 1611 716 1662 imperiumque
737 1612 922 1648 obtineat.
979 1611 1053 1648 His
1074 1611 1216 1648 Caesar
1236 1610 1397 1660 imperat

248 1672 400 1709 obsides
417 1684 483 1718 XL,
502 1673 814 1722 frumentumque
831 1669 1038 1714 exercitui;
1063 1672 1396 1709 Mandubratium-

247 1746 320 1782 que
352 1733 400 1770 ad
433 1747 497 1770 cos
527 1734 656 1771 mittit.
712 1733 769 1769 Illi
792 1734 978 1783 imperata
996 1733 1174 1770 celeriter
1193 1732 1394 1770 fecerunt:

249 1794 401 1831 obsides
427 1795 474 1831 ad
506 1808 704 1831 numerum
724 1794 994 1844 frumentaque
1015 1794 1211 1831 miserunt.

300 1855 409 1893 XXI.
447 1855 746 1893 Trinobantibus
767 1855 945 1900 defensis,
966 1862 1081 1905 atque
1100 1856 1147 1892 ab
1169 1855 1271 1892 omni
1297 1855 1394 1892 mili-

248 1923 327 1953 tum
350 1916 488 1966 injuria
508 1917 723 1966 prohibitis,
740 1916 982 1965 Cenimagni,
1000 1916 1236 1966 Segontiaci,
1263 1917 1395 1953 Anca-

246 1976 346 2023 lites,
363 1977 532 2023 Bibroci,
555 1978 676 2022 Cassi,
702 1978 957 2027 legationibus
983 1978 1119 2023 missis,
1151 1990 1233 2014 sese
1255 1977 1395 2014 Caesa-

247 2037 278 2074 ri
299 2038 456 2076 dedunt.
525 2039 589 2075 Ab
610 2038 667 2074 his
688 2038 901 2087 cognoscit,
923 2048 998 2076 n'on
1019 2039 1132 2089 longe
1153 2052 1202 2076 ex
1229 2051 1275 2075 eo
1307 2039 1394 2076 loco

247 2100 430 2149 oppidum
449 2100 722 2137 Cassivellauni
740 2101 887 2145 abesse,
900 2100 1002 2136 silvis
1017 2100 1296 2150 paludibusque
1312 2113 1394 2137 mu-
1444 2133 1448 2138 ,

248 2161 385 2206 nitum,
417 2175 493 2211 quo
513 2161 603 2198 satis
623 2174 783 2211 magnus
800 2161 995 2197 hominum
1013 2161 1239 2212 pecorisque
1260 2174 1393 2199 nume-

246 2235 309 2258 rus
341 2222 576 2259 convenerit.
632 2222 826 2272 Oppidum
865 2230 993 2259 autem
1027 2222 1200 2259 Britanni
1238 2229 1393 2268 vocant,

247 2296 363 2333 quum
398 2284 508 2321 silvas
529 2283 730 2333 impeditas
759 2283 858 2320 vallo
891 2291 1006 2334 atque
1036 2284 1136 2321 fossa
1160 2283 1401 2330 munierunt,

246 2357 335 2394 quo,
366 2345 593 2382 incursionis
625 2345 793 2382 hostium
823 2345 1000 2382 vitandae
1031 2358 1178 2391 caussa,
1213 2345 1390 2382 conveni-
