1556 2683
546 310 713 348 LIBER
767 310 878 348 VIII.
1215 314 1286 350 231

149 413 327 464 solusque
356 425 405 450 ex
428 413 574 451 Aeduis
593 414 641 452 ad
662 414 700 452 id
718 421 867 466 tempus
893 421 1151 465 permanserat
1172 414 1209 451 in
1229 427 1290 452 ar·

155 488 237 512 mis.

209 535 350 572 XLVI.
408 535 463 573 Ea
490 549 530 574 re
550 537 718 586 cognita,
751 536 893 574 Caesar
924 549 1040 586 quum
1061 536 1097 572 in
1119 536 1294 573 omnibus

153 595 302 634 Galliae
323 597 493 646 partibus
504 598 603 634 bene
623 610 682 634 res
695 605 822 647 gestas
834 597 994 641 videret,
1005 597 1290 647 judicaretque,

147 658 405 708 superioribus
437 657 589 695 aestivis
618 658 782 695 Galliam
810 658 999 695 devictam
1020 665 1057 694 et
1087 658 1285 694 subactun

147 731 244 763 csse,
277 718 523 768 Aquitaniam
552 732 746 769 nunquam
777 719 855 770 ipse
876 719 1030 763 adisset,
1063 718 1130 755 sed
1150 731 1218 768 per
1248 718 1291 754 P.

155 779 333 816 Crassum
355 779 517 829 quadam
535 792 584 817 ex
604 787 712 831 parte
733 780 951 826 devicisset,
972 793 1058 817 cum
1081 791 1112 815 11
1135 779 1294 828 legioni-

145 840 216 877 bus
247 839 285 876 in
317 853 401 877 eam
431 847 578 891 partem
598 849 656 879 est
690 841 899 892 profectus,
932 849 975 878 ut
996 842 1043 878 ibi
1071 850 1290 878 extremum

145 906 296 950 tempus
316 908 558 938 consumeret
577 901 806 938 aestivorum
823 914 832 937 ι
860 913 973 950 quam
994 913 1087 944 rem,
1107 899 1205 937 sicut
1222 913 1286 938 ce-

142 968 238 1005 tera,
260 960 438 999 celeriter
465 961 707 1012 feliciterque
737 961 931 1003 confecit;
960 972 1123 1010 namque
1153 972 1285 997 omnes

144 1019 378 1070 Aquitaniae
414 1020 588 1059 civitates
607 1021 755 1071 legatos
775 1021 824 1058 ad
843 1034 930 1058 eum
962 1021 1162 1065 miserunt,
1193 1021 1294 1057 obsi-

145 1081 291 1130 desque
323 1080 359 1117 ei
378 1080 582 1119 dederunt.
636 1082 784 1123 Quibus
803 1081 916 1118 rebus
936 1080 1067 1130 gestis,
1097 1081 1179 1130 ipse
1199 1094 1287 1118 cum

143 1142 314 1192 equitum
347 1142 537 1193 praesidio
570 1142 790 1180 Narbonem
824 1141 1019 1192 profectus
1039 1148 1110 1187 est,
1138 1142 1288 1179 exerci-

142 1211 225 1241 tum
254 1216 323 1254 per
354 1204 502 1254 legatos
529 1203 566 1240 in
586 1203 746 1240 hiberna
778 1202 961 1240 deduxit:
992 1214 1037 1238 lv
1056 1202 1228 1252 legiones
1249 1202 1289 1239 in

141 1265 279 1315 Belgio
313 1265 519 1303 collocavit
538 1277 625 1302 cum
648 1264 704 1301 M.
725 1263 912 1309 Antonio,
947 1271 986 1301 et
1006 1264 1052 1301 C.
1080 1263 1289 1309 Trebonio,

141 1333 182 1364 et
202 1325 246 1362 P.
266 1325 434 1371 Vatinio,
454 1333 494 1363 et
513 1327 562 1367 Q.
579 1325 720 1371 Tullio,
739 1325 875 1374 legatis
896 1339 905 1362 :
927 1337 958 1361 11
980 1324 1016 1361 in
1043 1324 1203 1361 Aeduos
1223 1324 1292 1361 mi-

142 1387 205 1433 sit,
239 1400 402 1438 quorum
422 1387 459 1424 in
492 1386 595 1423 omni
615 1386 742 1423 Gallia
770 1383 956 1423 summam
977 1398 1060 1423 esse
1079 1385 1289 1423 auctorita-

141 1456 221 1486 tem
241 1448 410 1486 sciebat:
431 1460 463 1485 11
485 1448 523 1485 in
543 1447 719 1486 Turones
738 1447 786 1484 ad
806 1448 901 1485 fines
918 1448 1131 1485 Carnutum
1147 1448 1290 1498 posuit,

141 1523 239 1561 quae
271 1522 424 1546 omnem
449 1509 647 1560 regionem
663 1511 908 1559 conjunctam
936 1521 1082 1547 oceano
1115 1509 1289 1546 contine-

139 1578 248 1608 rent:
278 1582 310 1607 11
345 1570 510 1621 reliquas
529 1569 568 1606 in
594 1569 844 1607 Lemovicum
873 1569 982 1615 fines,
1010 1582 1087 1606 non
1107 1568 1220 1618 longe
1242 1570 1291 1607 ab

140 1631 340 1677 Arvernis,
369 1644 418 1669 ne
437 1644 513 1682 qua
530 1644 617 1682 pars
637 1630 788 1669 Galliae
807 1643 927 1668 vacua
955 1631 1002 1667 ab
1023 1632 1199 1668 exercitu
1231 1643 1290 1668 es-

140 1699 212 1730 set.
267 1691 416 1730 Paucos
430 1692 511 1729 dies
527 1692 606 1743 ipse
623 1692 659 1728 in
676 1691 874 1742 provincia
893 1698 1076 1736 moratus,
1093 1705 1211 1741 quum
1228 1704 1291 1730 ce-

141 1752 272 1790 leriter
292 1765 424 1789 omnes
444 1760 657 1790 conventus
671 1752 988 1803 percucurrisset‚
1003 1752 1176 1803 publicas
1197 1754 1290 1790 con-

143 1813 348 1850 troversias
369 1814 626 1864 cognovisset,
658 1815 757 1850 bene
776 1813 921 1851 meritis
946 1814 1116 1865 praemia
1135 1814 1288 1852 tribuis-

144 1881 217 1920 set,
239 1874 520 1925 (cognoscendi
534 1875 636 1912 enim
651 1875 857 1913 maximam
869 1875 1091 1914 facultatem
1107 1876 1288 1923 habebat,

145 1937 246 1986 quali
267 1937 427 1987 quisque
456 1937 583 1974 animo
617 1938 654 1974 in
685 1937 961 1988 rempublicam
991 1937 1139 1984 fuisset,
1170 1938 1288 1976 totius

142 1997 292 2035 Galliae
313 1998 544 2044 defectione,
583 2012 696 2049 quam
716 1998 949 2036 sustinuerat
966 1999 1147 2037 fidelitate
1167 2006 1284 2050 atque

141 2060 294 2097 auxiliis
313 2059 532 2110 provinciae
552 2060 672 2111 illius)
699 2060 756 2098 his
781 2061 894 2097 rebus
929 2060 1130 2106 confectis,
1165 2061 1214 2098 ad
1234 2060 1287 2098 le-

140 2121 274 2171 giones
290 2121 327 2158 in
345 2121 521 2172 Belgium
536 2134 576 2160 se
593 2121 744 2172 recipit,
759 2121 1015 2173 hibernatque
1025 2122 1287 2160 Nemetocen-

143 2194 228 2219 nae.

194 2244 358 2282 XLVII.
414 2245 473 2282 Ibi
526 2245 740 2296 cognoscit,
789 2245 1006 2283 Commium
1053 2245 1283 2283 Atrebatem

142 2305 288 2355 proelio
309 2319 396 2343 cum
416 2306 591 2357 equitatu
610 2320 678 2344 suo
709 2307 966 2345 contendisse.
1023 2306 1136 2352 Nam,
1170 2319 1287 2356 quum

142 2366 340 2405 Antonius
360 2367 399 2405 in
418 2367 578 2406 hiberna
604 2367 784 2415 venisset,
815 2368 1025 2419 01vitasque
1057 2367 1287 2405 Atrebatum
