1556 2683
275 234 327 269 54·
583 228 658 266 DE
697 227 877 266 BELLO
917 227 1161 266 GALLICO

274 333 404 370 divina
420 333 563 369 bellurn
581 345 738 382 gerere;
767 332 831 382 qui
850 338 978 369 tantae
997 330 1206 369 altitudinis
1225 331 1418 369 machina-

273 394 398 431 tiones
417 400 523 430 tanta
543 393 739 430 celeritate
758 405 983 443 promovere
1010 394 1072 441 [et
1087 406 1137 430 ex
1155 392 1417 443 propinquita—

273 463 313 492 te
333 457 529 505 pugnare]
550 460 722 505 possent:
750 467 805 499 se,
825 466 969 504 suaque
985 454 1124 499 omnia,
1145 466 1276 491 eorum
1291 461 1418 504 potes-

273 516 342 553 tati
359 515 595 566 permittere,
616 515 809 552 dixerunt.
838 528 954 552 unum
969 522 1116 565 petere,
1135 527 1180 551 ac
1196 513 1417 564 deprecari:

273 577 303 613 si
316 577 416 613 forte
431 590 500 627 pro
514 590 581 613 sua
594 577 811 622 clementia,
831 589 875 613 ac
894 576 1199 621 mansuetudine,
1221 588 1331 625 quam
1349 575 1419 625 ipsi

273 638 321 674 ab
337 638 417 674 aliis
433 637 623 682 audirent,
639 637 833 674 statuisset
849 637 1075 675 Aduatucos
1091 649 1174 674 esse
1190 649 1419 673 conservan-

273 698 356 744 dos,
377 711 425 735 ne
444 711 485 735 se
505 699 618 736 armis
633 698 876 748 despoliaret.
895 699 966 736 sibi
986 711 1119 736 omnes
1140 698 1218 736 fere
1237 697 1418 734 finitimos

275 773 357 797 esse
378 760 564 805 inimicos,
584 772 629 796 ac
644 772 734 797 suae
749 759 881 797 virtuti
900 759 1089 803 invidere;
1108 772 1130 796 a
1145 759 1282 810 quibus
1297 771 1337 795 se
1353 758 1418 796 de-

270 821 444 867 fendere,
464 821 613 858 traditis
632 820 759 865 armis,
789 833 864 857 non
884 828 1052 871 possent.
1071 820 1142 857 sibi
1161 827 1368 870 praestare,
1388 820 1420 856 si

272 882 310 919 in
332 896 417 919 eum
440 895 568 920 casum
589 881 887 927 deducerentur,
919 882 1089 932 quamvis
1107 881 1300 918 fortunam
1315 894 1337 918 a
1351 894 1419 932 po-

270 944 361 995 pulo
391 943 565 981 Romano
585 942 676 993 pati,
703 955 815 993 quain
835 943 880 979 ab
901 943 958 979 his
977 956 1046 992 per
1066 942 1278 980 cruciatum
1299 942 1418 979 inter-

270 1005 348 1050 fici,
376 1005 477 1042 inter
496 1017 589 1055 quos
609 1003 794 1041 dominari
815 1004 1077 1041 consuessent.

323 1066 493 1103 XXXII.
549 1065 613 1102 Ad
645 1065 742 1102 haec
777 1064 920 1102 Caesar
949 1064 1146 1115 respondit
1163 1079 1172 1101 ε
1219 1064 1269 1102 Se
1298 1063 1419 1113 magis

271 1127 551 1164 consuetudine
568 1139 648 1171 sua,
670 1138 783 1176 quam
799 1125 934 1162 merito
952 1138 1098 1170 eorum,
1120 1124 1312 1162 civitatem
1329 1137 1421 1162 con-

271 1196 522 1234 servaturum,
543 1188 573 1225 si
593 1187 710 1238 prius,
731 1200 843 1237 quam
864 1200 1014 1223 murum
1034 1186 1131 1223 aries
1151 1186 1352 1235 attigisset,
1380 1198 1420 1222 se

275 1249 537 1292 dedidissent3
557 1249 623 1286 sed
644 1248 849 1285 deditionis
868 1248 1012 1285 nullam
1041 1260 1124 1284 esse
1145 1247 1421 1291 conditionem,

270 1310 342 1348 nisi
363 1311 477 1347 armis
493 1310 658 1348 traditis:
678 1322 718 1347 se
735 1309 786 1354 id,
807 1309 909 1360 quod
928 1310 965 1346 in
983 1308 1133 1347 Nerviis
1154 1308 1321 1353 fecisset,
1340 1307 1420 1346 fac-

270 1379 413 1417 turum,
443 1371 690 1421 finitimisque
710 1371 1000 1421 imperaturum,
1033 1383 1082 1407 ne
1103 1382 1216 1420 quam
1235 1369 1420 1406 dedititiis

268 1433 400 1483 populi
436 1432 600 1469 Romani
620 1431 796 1482 injuriam
816 1431 1012 1468 inferrent.
1068 1430 1127 1468 Re
1159 1430 1341 1467 nunciata
1372 1429 1422 1467 ad

269 1506 371 1539 suos,
393 1506 491 1544 quae
509 1493 802 1543 imperarentur,
822 1491 949 1530 facere
969 1492 1164 1530 dixerunt.
1211 1492 1421 1529 Armorum

270 1567 410 1604 magna
429 1554 673 1592 multitudine
693 1554 741 1592 de
761 1566 870 1590 muro
890 1553 927 1590 in
942 1553 1095 1599 fossam,
1116 1566 1214 1604 quae
1230 1559 1312 1590 erat
1331 1559 1420 1590 ante

270 1616 468 1666 oppidum,
484 1617 603 1665 jacta,
632 1615 700 1661 sic,
731 1623 774 1653 ut
792 1628 910 1666 prope
931 1627 1116 1652 summam
1136 1614 1233 1651 muri
1253 1614 1422 1664 aggeris-

271 1690 345 1726 que
365 1677 606 1714 altitudinem
626 1677 753 1715 acervi
782 1689 972 1713 armorum
992 1676 1252 1726 adaequarent
1270 1690 1279 1718 ;
1306 1681 1345 1712 et
1364 1681 1420 1711 ta-

272 1750 359 1774 men
391 1737 544 1775 circiter
571 1746 680 1788 parte
700 1737 827 1782 tertia,
859 1744 900 1773 ut
919 1744 1053 1786 postea
1071 1743 1317 1787 perspectum
1348 1742 1419 1781 cst,

271 1798 409 1843 celata,
438 1806 554 1849 atque
574 1799 611 1834 in
632 1797 774 1848 oppido
795 1803 970 1839 retenta;
1001 1796 1122 1847 portis
1141 1795 1355 1846 patefactis,
1375 1807 1422 1832 eo

269 1858 332 1895 die
352 1871 448 1908 pace
468 1865 557 1897 sunt
577 1859 646 1896 usi.

323 1919 513 1957 XXXIII,
570 1919 648 1957 Sub
667 1931 869 1970 vesperum
886 1919 1027 1957 Caesar
1046 1924 1176 1968 portas
1192 1916 1332 1963 claudi,
1351 1917 1421 1954 mi-

269 1979 430 2030 litesque
450 1993 500 2017 ex
520 1980 661 2031 oppido
681 1980 802 2025 exire,
817 1980 944 2029 jussit,
971 1992 1019 2016 nc
1040 1992 1151 2029 quam
1172 1986 1290 2015 noctu
1311 1979 1420 2028 oppi-

270 2041 358 2077 dani
377 2041 424 2077 ab
441 2041 622 2078 militibus
637 2041 811 2092 injuriam
831 2029 1065 2091 acciperent.
1111 2040 1186 2086 Illi,
1206 2047 1295 2077 ante
1312 2039 1420 2085 inito,

270 2106 311 2136 ut
340 2099 581 2138 intellectum
615 2110 684 2147 est,
719 2100 892 2145 consilio,
926 2101 1043 2151 quod,
1076 2100 1272 2138 deditione
1304 2100 1420 2146 facta,

268 2169 419 2197 nostros
434 2161 623 2211 praesidia
638 2161 885 2206 deducturos,
901 2168 966 2198 aut
981 2161 1147 2212 denique
1160 2160 1421 2211 indiligentius

269 2227 499 2267 servaturos,
520 2222 783 2266 crediderant;
797 2222 934 2273 partim
949 2235 1035 2259 cum
1051 2223 1121 2269 his,
1138 2234 1235 2273 quae
1251 2222 1420 2259 retinue-

268 2287 355 2317 rant
383 2288 422 2319 et
448 2282 680 2330 celaverant,
713 2283 851 2328 armis;
878 2283 1030 2334 partim,
1061 2283 1179 2321 scutis
1198 2296 1249 2321 ex
1276 2282 1422 2321 cortice
