1556 2683
543 211 710 251 LIBER
763 212 834 250 IV.
1213 215 1262 256 77

116 315 226 353 nibus
247 316 482 366 Lingonum,
512 324 565 363 et,
585 324 693 367 parte
714 317 878 367 quadam
898 328 948 353 ex
971 315 1109 353 Rheno
1128 329 1263 368 recep·

112 384 164 423 ta,
181 391 278 428 quae
293 379 506 428 appellatur
523 378 692 424 Vahalis,
708 378 948 427 insulamque
965 377 1080 415 efficit
1096 377 1260 416 Batavo-

110 451 208 484 rum,
246 439 283 475 in
305 451 492 476 oceanum
514 439 663 481 influit;
704 452 830 489 neque
861 439 1012 488 longius
1032 439 1079 475 ab
1112 451 1259 477 oceano

109 499 274 537 millibus
305 513 484 550 passuum
507 512 614 538 Lxxx
636 501 673 537 in
696 501 874 537 Rhenum
894 500 1042 537 transit.
1096 499 1257 538 Rhenus

108 568 237 597 antem
267 561 388 598 oritur
419 574 468 598 ex
499 562 714 612 Lepontiis,
748 561 812 612 qui
847 561 966 611 Alpes
997 560 1186 606 incolunt,
1217 569 1258 598 et

106 620 224 670 longo
244 622 366 672 spatio
386 635 455 672 per
473 622 568 659 fines
590 622 856 667 Nantuatium,
879 622 1162 668 Helvetiorum,
1187 622 1256 659 Se-

107 695 335 732 quanorum,
357 683 758 729 Mediomatricorum‚
786 683 1055 728 Tribueorum,
1078 683 1256 720 Treviro-

107 756 204 789 rum,
239 745 379 782 citatus
411 744 555 782 fertur:
599 752 653 790 et,
686 745 750 782 ubi
781 758 928 782 oceano
958 744 1255 795 appropinquat,

103 805 142 841 in
163 805 290 854 plures
311 805 444 842 diffluit
465 813 607 856 partes,
637 806 765 843 multis
793 806 1090 856 ingentibusque
1121 806 1254 843 insulis

102 865 261 912 effectis,
282 880 442 917 quarum
457 880 542 917 pars
562 879 702 916 magna
716 879 739 903 a
754 867 843 903 feris
863 866 1111 917 barbarisque
1131 868 1254 904 natio-

99 927 211 964 nibus
242 927 435 973 incolitur,
470 928 539 980 (ex
562 928 699 978 quibus
718 935 821 973 sunt,
855 928 918 978 qui
938 928 1108 978 piscibus
1136 937 1253 979 atque

99 988 181 1025 ovis
199 989 326 1026 avium
354 989 482 1026 vivere
513 989 806 1040 existimantur)
839 988 1045 1039 multisque
1065 990 1255 1041 capitibus

99 1049 137 1087 in
157 1063 346 1089 oceanum
365 1051 504 1088 influit.
677 1092 680 1095 ,

150 1111 220 1148 XI.
275 1112 417 1149 Caesar
444 1126 562 1162 quum
582 1113 630 1149 ab
650 1112 760 1149 hoste
786 1125 863 1149 non
888 1112 1052 1163 amplius
1070 1124 1251 1162 passuum

97 1184 157 1208 x11
180 1172 346 1210 millibus
365 1174 529 1219 abesset,
563 1181 606 1211 ut
625 1182 707 1210 erat
726 1173 994 1219 constitutum,
1022 1174 1070 1210 ad
1090 1187 1176 1210 eum
1195 1174 1251 1211 le·

95 1233 175 1282 gati
191 1240 453 1272 revertuntur:
474 1235 553 1284 qui,
567 1234 605 1271 in
620 1235 757 1272 itinere
770 1234 982 1284 congressi,
998 1247 1249 1285 magnopere,

97 1305 146 1329 ne
178 1293 330 1342 longius
362 1295 674 1345 progrederetur,
707 1296 881 1332 orabant.
937 1296 1066 1337 Quum
1099 1296 1138 1332 id
1171 1309 1250 1333 non

95 1353 380 1404 impetrassent,
400 1356 597 1404 petebant,
617 1355 672 1392 uti
692 1355 742 1392 ad
757 1368 823 1391 eos
839 1355 1003 1405 equites,
1024 1354 1088 1404 qui
1108 1367 1248 1405 agmen

93 1415 405 1461 antecessissent,
436 1416 717 1466 praemitteret,
751 1429 895 1466 cosque
914 1429 1044 1466 pugna
1064 1416 1244 1467 prohibe-

93 1483 175 1519 ret;
214 1476 363 1527 sibique
382 1477 437 1514 uti
470 1485 702 1528 potestatem
728 1477 877 1515 faceret
895 1478 933 1514 in
957 1478 1078 1515 Ubios
1097 1478 1247 1529 legatos

92 1536 290 1574 mittendi:
330 1551 490 1588 quorum
511 1538 543 1574 si
561 1537 755 1588 principes
774 1550 820 1574 ac
834 1545 990 1574 senatus
1010 1536 1082 1574 sibi
1096 1538 1247 1587 jureju-

90 1597 211 1635 rando
239 1597 353 1635 fidem
375 1599 570 1644 fecissent,
591 1612 637 1636 ea
656 1598 894 1644 conditione,
920 1611 1017 1649 qnae
1036 1611 1059 1635 a
1078 1598 1246 1636 Caesare

89 1658 268 1705 ferretur,
289 1673 329 1697 se
350 1673 486 1697 usuros
505 1660 783 1697 ostendebant:
803 1659 852 1696 ad
871 1660 940 1697 has
959 1672 1019 1697 res
1035 1660 1246 1698 conficien-

90 1721 158 1758 das
187 1721 259 1758 sibi
290 1721 407 1758 tridui
439 1722 605 1772 spatium
625 1721 746 1759 daret.
800 1721 913 1758 Haec
941 1722 1069 1758 omnia
1102 1722 1245 1760 Caesar

89 1782 227 1819 eodem
247 1782 312 1820 illo
331 1783 526 1832 pertinere
546 1782 818 1828 arbitrabatur,
838 1789 894 1827 ut,
915 1782 1031 1819 tridui
1051 1796 1159 1820 mora
1186 1784 1244 1820 in-

88 1843 286 1893 tex-posita,
306 1843 455 1893 equites
469 1856 616 1888 eorum,
638 1843 703 1893 qui
717 1844 910 1887 abessent,
931 1851 1244 1888 reverterentur;

89 1912 219 1941 tamen
245 1917 328 1941 sese
348 1917 425 1941 non
445 1904 596 1954 longius
617 1904 782 1941 millibus
802 1916 982 1954 passuum
1003 1915 1049 1940 IV
1069 1905 1244 1955 aquatio-

87 1965 146 2002 nis
167 1979 300 2003 caussa
318 1979 588 2016 processurum
618 1979 664 2003 eo
684 1965 745 2001 die
766 1965 889 2002 dixit:
910 1964 987 2002 huc
1003 1973 1158 2015 postero
1178 1966 1242 2003 die

88 2040 202 2077 quam
217 2027 516 2077 frequentissimi
537 2027 804 2072 convenirent,
824 2034 867 2064 ut
887 2026 934 2064 de
955 2039 1087 2063 eorum
1108 2034 1241 2077 postu-

87 2088 174 2125 latis
200 2097 467 2139 cognosceret.
521 2089 682 2126 Interim
714 2089 762 2126 ad
791 2088 1023 2138 praefectos,
1057 2088 1122 2138 qui
1153 2102 1242 2126 cum

87 2151 189 2187 omni
211 2151 383 2201 equitatu
412 2158 713 2197 antecesserant,
748 2150 879 2195 mittit,
912 2150 976 2200 qui
997 2150 1239 2197 nunciarent,

87 2224 135 2249 ne
150 2212 280 2250 hostes
294 2213 442 2262 proelio
458 2212 715 2251 lacesserent:
737 2219 789 2258 et,
809 2212 839 2249 si
855 2211 926 2262 ipsi
941 2211 1236 2257 lacesserentur,
