1556 2683
545 211 712 249 LIBER
766 211 856 250 VH.
1205 219 1276 258 167

122 320 225 358 runt,
246 313 475 366 flentesque,
495 317 692 366 projectae
706 316 755 354 ad
770 316 890 367 pedes
905 329 1077 364 suorum,
1098 319 1275 357 omnibus

120 375 300 424 precibus
319 377 528 426 petierunt,
549 391 596 414 ne
611 391 666 423 se,
686 385 726 415 ct
740 390 963 415 communes
978 378 1133 425 liberos,
1153 381 1274 418 hosti-

119 435 190 472 bus
211 435 258 472 ad
279 437 508 487 supplicium
529 438 731 485 dederent,
762 451 858 489 quos
890 438 939 476 ad
959 440 1186 490 capiendam
1213 440 1272 479 fu-

119 509 209 546 gam
229 505 390 536 naturae
410 507 449 536 et
467 500 602 537 virium
624 499 822 536 infirmitas
842 500 1062 550 impediret.
1110 501 1185 539 Ubi
1207 514 1274 539 eos

119 557 157 594 in
173 559 366 596 sententia
378 568 552 609 perstare
563 559 752 601 viderunt,
762 559 866 610 quod
879 559 1107 610 plerumque
1121 559 1158 596 in
1172 573 1275 597 sum-

117 632 180 657 mo
200 621 372 670 periculo
393 621 507 658 timor
532 620 833 658 misericordiam
854 633 930 657 non
950 620 1102 671 recipit,
1119 621 1274 658 concla-

118 694 238 726 mare,
254 689 292 719 et
307 682 527 732 significare
543 682 590 719 de
608 681 699 732 suga
713 681 910 727 Romanis,
927 689 1155 732 coeperunt.
1183 683 1273 725 Quo

119 742 257 780 timore
282 744 490 793 perterriti,
521 743 638 790 Galli,
671 756 720 780 ne
749 744 796 780 ab
810 743 984 794 equitatu
1012 743 1303 793 Romanorum·¹

116 801 201 840 viae
221 811 616 854 praeoccuparentur,
636 803 797 842 consilio
815 804 1062 842 destiterunt.

168 863 336 902 XXVII.
392 865 554 904 Postero
573 865 636 904 die
652 866 806 912 Caesar,
822 873 1000 916 promota
1015 866 1125 912 turri,
1145 867 1272 904 direc-

115 924 241 975 tisque
257 926 450 976 operibus,
465 940 563 978 quae
578 926 706 964 facere
722 927 954 972 instituerat,
974 940 1115 977 magno
1135 936 1271 966 coorto

114 985 240 1032 imbri,
273 1000 351 1024 non
384 988 559 1025 inutilem
591 988 691 1025 hanc
722 987 772 1024 ad
804 987 1034 1037 capiendum
1068 988 1270 1026 consilium

114 1055 386 1099 tempestatem
407 1050 628 1095 arbitratus,
649 1048 752 1100 quod
771 1048 899 1099 paullo
920 1048 1111 1086 incautius
1138 1057 1270 1087 custo-

114 1110 196 1148 dias
216 1111 255 1147 in
274 1123 384 1148 muro
405 1111 607 1162 dispositas
626 1110 795 1155 videbat,
828 1123 918 1147 suos
939 1123 1095 1161 quoque
1121 1111 1270 1161 langui-

113 1172 199 1210 dius
218 1172 256 1209 in
273 1185 389 1223 opere
409 1172 686 1224 versarijussit,
706 1179 759 1217 et,
776 1171 867 1222 quid
888 1171 973 1208 fieri
992 1172 1121 1218 vellet,
1143 1181 1270 1210 osten-

113 1234 182 1271 dit.
246 1233 440 1284 Legiones
473 1234 573 1271 intra
591 1234 722 1271 vineas
748 1234 786 1270 in
806 1233 962 1271 occulto
981 1233 1185 1283 expeditas
1205 1247 1270 1272 co·

112 1295 303 1341 hortatur,
333 1303 376 1333 ut
395 1295 600 1346 aliquando
629 1309 700 1346 pro
730 1295 848 1332 tantis
872 1294 1068 1332 laboribus
1098 1294 1268 1333 fructum

112 1356 297 1393 victoriae
324 1356 596 1407 perciperent:
615 1356 688 1403 his,
717 1356 782 1407 qui
798 1355 910 1407 primi
929 1369 1080 1393 murum
1106 1356 1271 1394 adscen-

113 1418 273 1463 dissent,
293 1419 465 1468 praemia
483 1418 698 1470 proposuit,
728 1417 991 1468 militibusque
1021 1417 1174 1467 signum
1199 1418 1269 1455 de—

112 1480 181 1517 dit.
236 1480 295 1516 Illi
312 1480 440 1518 subito
458 1493 506 1518 ex
522 1480 698 1518 omnibus
718 1479 890 1530 partibus
906 1479 1168 1526 evolaverunt,
1185 1493 1268 1517 mu-

111 1554 273 1592 rumque
290 1542 468 1580 celeriter
487 1543 792 1593 compleverunt.

163 1602 353 1640 XXVIII.
409 1603 568 1649 Hostes,
605 1617 646 1642 re
667 1616 764 1640 nova
783 1601 992 1653 perterriti,
1021 1613 1131 1638 muro
1151 1601 1265 1638 turri-

112 1664 263 1715 busque
277 1664 434 1715 dejecti,
449 1665 488 1702 in
504 1665 587 1702 foro
599 1678 645 1703 ac
660 1665 756 1702 locis
774 1663 1054 1714 patentioribus
1069 1663 1265 1700 cuneatim

114 1726 387 1772 constiterunt,
419 1727 493 1765 hoc
508 1727 650 1772 animo,
684 1734 740 1772 ut,
759 1727 790 1764 si
809 1738 885 1777 qua
903 1738 954 1762 ex
974 1731 1084 1775 parte
1113 1724 1269 1761 obviam

113 1788 460 1836 contraveniretur‚
480 1789 562 1827 acie
579 1789 766 1826 instructa
780 1788 1062 1838 depugnarent.
1105 1785 1183 1823 Ubi
1199 1799 1266 1824 ne-

108 1849 250 1887 minem
271 1850 309 1886 in
330 1863 497 1901 aequum
518 1850 646 1888 locum
665 1863 749 1887 sese
771 1848 991 1893 demittere,
1012 1847 1079 1885 sed
1096 1854 1178 1885 toto
1198 1861 1268 1885 un—

109 1909 226 1960 dique
247 1924 356 1948 muro
377 1910 648 1957 circumfundi,
669 1911 860 1955 viderunt,
890 1908 1016 1955 veriti,
1044 1921 1092 1946 ne
1113 1908 1269 1946 omnino

119 1984 207 2021 spes
233 1971 350 2022 fugae
370 1972 583 2018 tolleretur,
615 1970 778 2022 abjectis
796 1969 924 2016 armis,
952 1969 1105 2007 ultimas
1136 1969 1268 2019 oppidi

109 2039 238 2083 partes
275 2033 490 2072 continenti
527 2033 675 2084 impetu
705 2032 947 2084 petiverunt:
996 2043 1162 2082 parsque
1197 2030 1264 2074 ibi,

111 2106 229 2143 quum
244 2102 410 2145 angusto
426 2103 621 2145 portarum
638 2094 747 2132 exitu
762 2107 802 2132 se
818 2094 889 2144 ipsi
904 2099 1138 2144 premerent,
1159 2105 1180 2129 a
1194 2092 1265 2129 mi·

110 2155 263 2199 litibus;
302 2168 388 2206 pars
413 2158 492 2206 jam
512 2169 666 2206 egressa
684 2155 804 2206 portis
833 2155 882 2192 ab
907 2153 1100 2205 equitibus
1128 2160 1187 2190 est
1205 2152 1262 2189 in-

111 2216 275 2255 terfecta
291 2231 300 2254 :
342 2231 415 2256 nec
446 2217 519 2255 fuit
539 2218 752 2268 quisquam,
782 2216 847 2267 qui
879 2215 1046 2267 praedae
1077 2214 1264 2252 studeret.

115 2278 192 2325 Sic,
213 2286 252 2317 et
272 2278 497 2317 Genabensi
517 2279 637 2317 caede
652 2287 691 2317 et
706 2279 837 2316 labore
857 2276 985 2329 operis
1003 2276 1166 2333 incitati,
1187 2289 1265 2314 non
