1556 2683
553 293 557 295 *
580 287 747 326 Lmen
800 287 832 325 1.
868 342 870 344 v
1248 294 1300 331 29

143 392 176 429 ri
196 403 250 437 se,
271 403 318 428 ne
339 403 406 441 per
425 390 578 428 insidias
598 392 645 429 ab
665 404 712 429 eo
732 391 1097 430 circumveniretur:
1134 400 1298 444 uterque

143 464 231 490 cum
251 452 425 503 equitatu
443 452 611 489 veniret:
640 453 714 490 alia
732 453 880 490 ratione
899 466 940 490 se
960 466 1038 490 non
1057 466 1142 492 esse
1161 461 1297 492 ventu-

142 526 239 550 rum.
290 513 444 557 Caesar,
481 513 583 562 qnod
620 526 745 563 neque
783 513 1033 564 colloquium,
1070 514 1298 566 interposita

142 587 289 619 caussa,
318 573 398 610 tolli
418 573 584 619 volebat,
617 587 742 624 neque
775 575 936 612 salutem
968 588 1075 612 suam
1096 576 1297 614 Gallorum

140 637 329 688 equitatui
360 637 600 675 committere
629 638 810 684 audebat,
844 639 1191 677 commodissimum
1213 652 1297 678 esse

139 698 286 743 statuit,
302 699 478 735 omnibus
493 698 600 749 equis
617 698 738 736 Gallis
753 698 946 750 equitibus
961 699 1160 746 detractis,
1179 713 1226 738 eo
1243 701 1296 738 le-

137 759 329 810 gionarios
348 760 488 797 milites
519 759 682 810 legionis
714 759 900 806 decimae,
934 760 996 798 cui
1029 773 1142 812 quam
1176 761 1298 799 maxi-

138 833 200 858 me
221 820 451 866 confidebat,
481 820 704 871 imponere3
740 828 783 858 ut
816 821 1047 872 praesidium
1069 835 1183 872 quam
1201 822 1296 859 ami-

138 881 346 927 cissimum,
379 882 409 918 si
429 881 521 932 quid
555 894 650 932 opus
680 880 784 919 facto
804 888 919 928 esset,
951 882 1126 920 haberet.
1179 883 1296 925 Quod
1325 912 1330 916 .

137 955 256 994 quum
274 943 398 988 fieret,
431 955 507 980 non
528 942 722 980 irridicule
743 943 897 994 quidam
917 956 966 980 ex
985 943 1169 981 militibus
1188 944 1294 983 deci-

136 1017 220 1041 mae
239 1004 401 1054 legionis
421 1004 540 1041 dixit:
574 1004 680 1050 Plus,
710 1017 822 1055 quam
842 1004 1036 1054 pollicitus
1057 1012 1171 1051 esset,
1193 1004 1293 1042 Cae-

136 1077 259 1102 sarem
285 1064 368 1113 [ei]
395 1064 544 1102 facere:
578 1064 793 1115 pollicitum
818 1067 906 1114 [se]
932 1066 970 1102 in
990 1064 1160 1103 cohortis
1186 1078 1295 1117 prae-

134 1126 255 1163 toriae
288 1126 375 1163 loco
393 1125 584 1163 decimam
615 1126 810 1176 legionem
836 1127 1083 1171 habiturum余
1119 1139 1223 1164 nunc
1243 1127 1295 1165 ad.

135 1200 280 1239 equum
311 1187 536 1224 rescribere.

138 1264 148 1268 -
184 1248 333 1286 XLIII.
388 1247 579 1285 Planicies
598 1256 681 1286 erat
695 1260 846 1298 magna,
863 1255 902 1286 et
918 1249 956 1285 in
971 1261 1018 1286 ea
1032 1249 1201 1287 tumulus
1213 1256 1291 1287 ter-

132 1320 221 1348 reus
237 1310 329 1347 satis
347 1309 517 1360 grandis.
571 1309 652 1347 Hic
683 1310 792 1348 locus
820 1322 945 1361 aequo
975 1310 1056 1349 fere
1086 1310 1212 1361 spatio
1242 1312 1291 1348 ab

134 1371 269 1409 castris
290 1370 462 1421 utrisque
483 1372 628 1409 aberat.
683 1370 755 1417 Eo,
791 1378 831 1408 ut
850 1378 933 1408 erat
952 1371 1113 1417 dictum,
1143 1372 1193 1409 ad
1212 1372 1291 1409 col-

132 1432 306 1483 loquium
339 1439 540 1470 venerunt.
596 1431 812 1482 Legionem
845 1432 1001 1478 Caesar,
1035 1445 1149 1483 quam
1181 1433 1291 1484 equis

130 1494 355 1540 devexerat,
375 1492 548 1544 passibus
567 1504 615 1530 cc
634 1493 682 1530 ab
703 1506 751 1530 eo
770 1493 919 1530 tumulo
938 1492 1140 1530 constituit
1159 1506 1168 1529 z
1197 1492 1290 1530 item

130 1554 280 1604 equites
301 1554 487 1591 Ariovisti
507 1553 589 1604 pari
607 1553 808 1591 intervallo
835 1553 1106 1591 constiterunt.
1173 1553 1290 1591 Ario-

129 1615 265 1661 vistus,
293 1627 343 1652 ex
363 1615 470 1666 equis
490 1622 533 1652 ut
551 1614 880 1666 colloquerentur,
900 1621 952 1660 et,
972 1621 1126 1665 praeter
1144 1627 1198 1660 se,
1219 1614 1288 1651 de-

127 1688 198 1713 nos
228 1683 271 1713 ut
303 1676 352 1713 ad
383 1675 619 1726 colloquium
651 1675 905 1720 adducerent,
936 1673 1154 1725 postulavit.
1209 1673 1288 1711 Ubi

127 1749 174 1775 eo
194 1745 351 1775 ventum
381 1744 452 1782 est,
474 1737 616 1774 Caesar
635 1736 744 1774 initio
763 1736 948 1773 orationis
967 1748 1036 1773 sua
1054 1737 1288 1787 senatusque

129 1798 168 1834 in
187 1811 276 1835 eum
305 1798 496 1835 beneficia
520 1797 860 1841 commemoravit余
893 1797 996 1847 quod
1015 1810 1084 1833 rex
1117 1797 1286 1847 appella-

126 1867 188 1896 tus
203 1866 303 1897 esset
322 1871 344 1896 a
363 1865 513 1904 senatu,
534 1858 638 1909 quod
657 1858 818 1904 amicus,
838 1857 941 1908 quod
955 1869 1116 1893 munera
1130 1856 1284 1906 amplis-

130 1920 225 1958 sima
236 1921 367 1964 missa余
382 1933 495 1971 quam
511 1933 592 1958 rem
607 1927 646 1958 et
656 1919 789 1970 paucis
803 1918 1026 1968 contigisse,
1039 1925 1080 1954 et
1093 1930 1163 1967 pro
1179 1930 1285 1968 mag-

126 1982 184 2018 nis
201 1982 398 2019 hominum
418 1981 549 2019 officiis
562 1981 770 2019 consuesse
790 1979 920 2025 tribui,
940 1978 1128 2016 docebat:
1162 1978 1284 2025 illum,

126 2056 245 2094 quum
277 2055 404 2094 neque
437 2043 584 2080 aditum
613 2055 739 2092 neque
766 2053 943 2079 caussam
968 2039 1187 2092 postulandi
1201 2041 1284 2090 jus-

127 2111 204 2140 tam
224 2104 398 2150 haberet,
425 2103 616 2142 beneficio
648 2115 693 2140 ac
711 2101 940 2139 liberalitate
970 2113 1038 2138 sua
1055 2113 1102 2138 ac
1124 2103 1283 2139 senatus

127 2178 172 2202 ea
190 2165 360 2216 praemia
380 2172 643 2203 consecutum.
698 2163 879 2201 Docebat
894 2163 1024 2208 etiam,
1044 2174 1158 2212 quam
1176 2170 1284 2201 vete-

125 2239 186 2263 res
208 2239 399 2278 quamque
414 2228 542 2276 justae
569 2237 726 2263 caussae
757 2224 1050 2263 necessitudinis
1082 2223 1174 2274 ipsis
1193 2237 1282 2262 cum

125 2287 273 2324 Aeduis
290 2286 576 2324 intercederent
591 2302 600 2330 余
620 2298 717 2337 quae
733 2287 888 2323 senatus
904 2285 1092 2331 consulta,
1113 2285 1282 2336 quoties,

125 2360 317 2399 quamque
336 2347 561 2396 honorifica,
582 2348 618 2385 in
640 2360 705 2386 eos
724 2347 828 2386 facta
839 2354 988 2393 essent3
1008 2353 1051 2386 ut
1062 2346 1166 2385 omni
1183 2353 1280 2385 tem-
