1556 2683
236 283 286 318 35
543 281 617 317 DE
656 280 835 318 BELLO
873 280 1119 318 GALLICO

236 396 279 420 or
299 390 394 429 erat,
415 397 528 434 quam
543 384 597 429 hi,
613 385 677 434 qui
695 385 793 421 inter
810 385 932 421 aciem
952 384 1215 428 versabantur,
1232 383 1385 422 tertiam

236 445 357 483 aciem
374 445 638 482 laborantibus
655 445 795 482 nostris
807 445 977 482 subsidio
991 445 1105 482 misit.

287 507 397 544 LIII.
450 507 511 544 Ita
530 506 717 557 proelium
746 506 965 543 restitutum
999 513 1069 550 est,
1108 512 1223 556 atque
1257 517 1389 542 omnes

234 567 365 604 hostes
397 576 507 617 terga
536 575 756 607 verterunt:
793 580 919 617 neque
953 567 1057 617 prius
1077 567 1211 616 fugere
1231 566 1388 604 destite-

234 637 338 674 runt,
360 642 472 680 quarn
494 629 540 666 ad
560 628 703 665 flumen
723 629 918 674 Rhenum,
938 629 1055 665 millia
1074 641 1253 679 passuum
1273 640 1322 664 ex
1343 640 1390 664 eo

234 691 321 729 loeo
338 690 493 728 circiter
508 690 800 740 quinquaginta,
815 690 1074 740 pervenerint.
1130 689 1189 727 Ibi
1204 688 1390 740 perpauci

235 760 317 798 aut,
334 751 477 788 viribus
495 751 642 796 confisi,
656 758 894 788 transnatare
909 751 1208 795 contenderunt,
1223 758 1302 794 aut,
1318 750 1390 786 lin-

230 813 358 850 tribus
379 813 556 857 inventis,
594 813 665 849 sibi
685 813 848 850 salutem
869 819 1106 863 repererunt.
1174 812 1219 848 In
1240 811 1299 848 his
1316 810 1392 848 fuit

236 874 470 919 Ariovistus,
487 875 565 925 qui,
586 874 799 911 naviculam
816 874 1021 924 deligatam
1038 874 1086 910 ad
1099 873 1219 923 ripam
1239 880 1390 919 nactus,

236 947 282 972 ea
300 935 483 985 profugit.
529 935 699 985 reliquos
719 948 850 971 omnes
871 934 1071 972 consecuti
1090 934 1240 984 equites
1271 935 1392 972 nostri

234 995 528 1033 interfecerunt.
584 995 697 1032 Duae
722 997 879 1032 fuerunt
918 995 1097 1032 Ariovisti
1131 1008 1286 1041 uxores,
1314 1008 1392 1033 una

238 1057 366 1095 Sueva
382 1056 553 1104 natione,
575 1069 687 1106 quam
701 1056 748 1093 ab
765 1056 880 1093 domo
893 1069 1025 1093 secum
1041 1056 1251 1099 eduxerat;
1269 1057 1392 1094 altera

236 1118 397 1164 Norica,
418 1116 518 1166 regis
541 1115 724 1153 Vocionis
744 1129 866 1162 soror,
882 1130 994 1167 quam
1017 1117 1053 1153 in
1071 1116 1197 1154 Gallia
1212 1118 1390 1164 duxerat,

237 1192 260 1217 a
279 1178 396 1216 fratre
415 1178 581 1215 missam.
620 1178 819 1228 Utraeque
836 1178 874 1215 in
891 1191 936 1215 ea
950 1178 1041 1227 fuga
1061 1180 1269 1229 perierunt.
1307 1180 1392 1217 Du-

235 1253 281 1278 ae
297 1241 397 1277 filiae
412 1240 559 1284 harum,
577 1239 698 1276 altera
713 1239 856 1286 occisa,
876 1240 997 1276 altera
1012 1248 1124 1290 capta
1144 1247 1213 1277 est.
1249 1241 1293 1278 C.
1315 1241 1391 1278 Va-

235 1302 351 1340 lerius
373 1301 577 1347 Procillus,
607 1314 724 1351 quum
745 1314 767 1338 a
787 1301 1012 1339 custodibus
1032 1301 1070 1338 in
1089 1301 1180 1351 fuga
1200 1302 1309 1339 trinis
1330 1315 1392 1340 ca-

236 1364 337 1402 tenis
365 1362 517 1399 vinctus
538 1363 771 1408 traheretur,
810 1362 847 1399 in
868 1363 991 1413 ipsum
1013 1363 1233 1409 Caesarem,
1261 1364 1393 1401 hostes

237 1424 411 1475 equitatu
448 1431 760 1474 persequentem,
799 1424 947 1461 incidit.
1003 1426 1113 1466 Quae
1147 1424 1300 1474 quidem
1331 1438 1393 1463 res

238 1486 395 1525 Caesari
414 1498 489 1522 non
511 1485 711 1531 minorem,
732 1498 844 1535 quam
866 1485 948 1535 ipsa
966 1485 1141 1531 victoria,
1154 1486 1394 1536 voluptatem

237 1549 383 1586 attulit:
405 1547 507 1598 quod
524 1546 717 1583 hominem
734 1546 1044 1584 honestissimum
1060 1547 1281 1597 provinciae
1299 1547 1393 1586 Gal-

237 1610 327 1655 liae,
361 1622 469 1645 suum
490 1608 717 1645 familiarem
738 1616 777 1645 et
796 1607 1002 1658 hospitem,
1035 1615 1211 1658 ereptum
1232 1622 1253 1646 e
1273 1609 1394 1647 mani-

237 1671 309 1708 bus
329 1670 509 1715 hostium,
537 1669 607 1705 sibi
628 1669 847 1706 restitutum
867 1669 1045 1711 videbat:
1081 1683 1207 1720 neque
1229 1671 1310 1719 ejus
1331 1684 1394 1708 ca-

238 1730 409 1767 lamitate
429 1729 477 1766 de
497 1735 605 1765 tanta
624 1729 822 1779 voluptate
838 1735 876 1766 et
905 1730 1163 1778 gratulatione
1183 1731 1393 1782 quidquam

238 1791 393 1828 fortuna
413 1790 665 1828 deminuerat.
719 1790 771 1835 Is,
802 1804 841 1827 se
857 1799 1075 1841 praesente,
1105 1791 1152 1828 de
1173 1805 1213 1828 se
1234 1800 1294 1829 ter
1313 1806 1394 1830 sor-

240 1853 343 1891 tibus
364 1853 583 1890 consultum
605 1852 772 1898 dicebat,
794 1860 919 1890 utrum
937 1853 1015 1903 igni
1031 1853 1158 1890 statim
1174 1862 1393 1901 necaretur,

238 1927 287 1952 an
307 1915 343 1952 in
364 1914 466 1952 aliud
486 1921 637 1965 tempus
656 1921 941 1951 reservaretur:
962 1915 1121 1951 sortium
1139 1915 1331 1953 beneficio
1351 1928 1393 1953 se

239 1990 322 2014 esse
344 1976 589 2014 incolumem.
644 1976 742 2012 Item
771 1975 828 2012 M.
848 1975 1014 2013 Mettius
1046 1983 1235 2027 repertus,
1274 1985 1313 2015 et
1343 1977 1394 2014 ad

240 2052 327 2076 eum
350 2038 534 2075 reductus
554 2044 624 2074 est.

291 2099 398 2136 LIV.
452 2099 542 2136 Hoc
564 2098 710 2149 proelio
730 2105 835 2135 trans
870 2098 1049 2136 Rhenum
1078 2099 1276 2145 nunciato,
1299 2099 1395 2137 Sue-

240 2161 290 2207 vi,
311 2161 375 2211 qui
395 2161 444 2198 ad
463 2161 564 2211 ripas
587 2161 714 2198 Rheni
733 2169 932 2208 venerant,
966 2162 1120 2199 domum
1143 2162 1283 2200 reverti
1303 2174 1393 2199 coe-

238 2230 404 2273 perunt:
443 2236 538 2272 quos
561 2222 665 2268 Ubii,
694 2223 758 2273 qui
791 2223 956 2273 proximi
992 2224 1170 2262 Rhenum
1204 2224 1392 2269 incolunt,

238 2283 464 2332 perterritos
485 2283 662 2329 insecuti,
682 2297 864 2333 magnum
884 2297 933 2320 ex
949 2283 1008 2321 his
1025 2297 1225 2321 numerum
1239 2282 1393 2320 oecide-

240 2351 343 2384 runt.
390 2345 544 2392 Caesar,
568 2357 643 2382 una
659 2352 804 2383 aestate
820 2345 970 2382 duobus
985 2345 1160 2382 maximis
1172 2344 1282 2382 bellis
1302 2356 1394 2381 con-
