1556 2683
525 221 691 262 LIBER
744 224 834 263 VII.
1188 231 1261 269 155

170 325 238 364 VI.
294 326 366 364 His
385 326 498 364 rebus
517 327 555 364 in
575 327 723 366 ltaliam
744 327 899 367 Caesari
917 329 1121 376 nunciatis,
1142 344 1258 381 quum

112 389 192 437 jam
211 387 274 424 ille
305 388 465 425 urbanas
483 400 544 425 res
563 388 703 426 virtute
732 389 803 426 Cn.
824 389 998 440 Pompeii
1025 392 1259 430 commodio-

116 461 196 486 rem
213 449 250 485 in
264 455 404 486 statum
420 449 634 499 pervenisse
650 449 896 500 intelligeret,
915 451 954 487 in
970 450 1260 502 Transalpinam

115 508 280 547 Galliam
299 510 493 560 profectus
513 517 582 547 est.
619 509 675 547 Eo
695 524 811 561 quum
832 511 1010 557 venisset,
1033 525 1170 562 magna
1188 512 1260 549 dif-

113 569 284 607 ficultate
303 569 550 615 afficiebatur,
571 584 646 621 qua
664 572 810 608 ratione
827 571 877 608 ad
895 572 1107 610 exercitum
1124 584 1258 622 perve-

113 630 195 668 nire
214 638 354 682 posset.
374 643 474 677 nam,
494 631 524 668 si
539 631 710 682 legiones
730 631 766 669 in
781 632 1017 682 provinciam
1032 641 1258 679 arcesseret,

110 705 155 730 se
173 692 330 730 absente
350 691 387 728 in
407 692 543 729 itinere
562 692 708 742 proelio
727 692 972 730 dimicaturas
991 692 1231 742 intelligebat
1247 708 1256 730 :

112 753 144 790 si
164 753 244 804 ipse
263 753 310 790 ad
338 753 552 791 exemitum
573 753 839 799 contenderet,
872 765 920 789 ne
941 752 985 790 iis
1004 753 1172 803 quidem,
1194 753 1260 804 qui

113 826 159 852 eo
191 821 364 864 tempore
395 813 523 865 pacati
553 813 789 860 viderentur,
821 825 928 851 suam
957 814 1119 851 salutem
1151 822 1258 852 recte

114 873 302 912 committi
321 874 487 912 videbat.

161 934 251 971 VII.
307 934 465 972 Interim
480 935 683 974 Lucterius
700 937 913 982 Cadurcus,
928 936 965 974 in
981 937 1154 974 Rutenos
1170 936 1258 975 mis·

111 1009 189 1042 suS,
209 1008 292 1033 eam
309 996 502 1034 civitatem
521 997 706 1034 Arvernis
727 998 918 1036 conciliat.
974 997 1206 1047 Progressus
1222 997 1262 1035 in

113 1056 350 1107 Nitiobriges
370 1064 410 1094 et
428 1056 610 1103 Gabalos,
641 1059 687 1096 ab
721 1059 892 1109 utrisque
923 1057 1076 1095 obsides
1094 1058 1258 1108 accipit;

110 1125 164 1164 et,
201 1131 339 1168 magna
370 1125 507 1156 coacta
536 1132 667 1165 manu,
700 1119 738 1156 in
758 1119 1007 1171 provinciam,
1039 1118 1261 1157 Narbonem

112 1191 259 1225 versus,
279 1179 518 1229 eruptionem
538 1177 666 1217 facere
686 1179 899 1218 contendit.
953 1181 1040 1222 Qua
1065 1192 1105 1216 re
1126 1180 1260 1217 nunci-

111 1249 190 1288 ata,
223 1241 366 1279 Caesar
384 1241 560 1277 omnibus
593 1241 760 1279 consiliis
780 1240 1097 1279 antevertendum
1128 1241 1259 1278 existi-

110 1302 242 1348 mavit,
258 1309 300 1339 ut
320 1301 541 1340 Narbonem
559 1302 880 1353 proficisceretur.
926 1301 983 1339 Eo
999 1315 1115 1352 quum
1134 1301 1260 1339 venis-

111 1369 184 1409 set,
211 1362 390 1400 timentes
409 1362 623 1409 confirmat,
651 1363 840 1414 praesidia
865 1363 902 1399 in
925 1363 1086 1400 Rutenis
1105 1362 1259 1412 provin-

113 1422 286 1469 cialibus,
318 1422 450 1461 Volcis
470 1424 725 1470 Arecomicis,
759 1424 1016 1469 Tolosatibus,
1037 1423 1259 1474 circumque

111 1482 349 1529 Narbonem,
369 1496 465 1534 quae
484 1483 571 1522 loca
588 1484 763 1522 hostibus
783 1493 892 1522 erant
907 1484 1080 1529 finitima,
1114 1483 1260 1521 consti-

113 1543 209 1587 tuit;
236 1550 384 1594 partem
405 1544 600 1595 copiarum
621 1558 669 1583 ex
689 1546 901 1596 provincia,
932 1545 1259 1595 supplementum-

113 1617 203 1655 que,
229 1605 333 1656 quod
353 1617 402 1641 ex
427 1605 533 1643 ltalia
551 1606 779 1652 adduxerat,
812 1607 851 1643 in
871 1605 1047 1651 Helvios,
1077 1604 1142 1656 qui
1161 1605 1256 1643 fines

110 1666 375 1702 Arvernorum
395 1666 640 1717 contingunt,
671 1666 877 1704 convenire
891 1667 1017 1717 jubet.
1275 1712 1278 1713 ⁷

157 1726 269 1763 VIII.
324 1726 398 1764 His
418 1728 532 1765 rebus
550 1728 793 1778 comparatis,
820 1739 996 1779 represso
1010 1729 1091 1777 jam
1111 1727 1257 1766 Lucte-

108 1787 166 1826 rio
185 1795 225 1825 et
243 1794 406 1833 remoto,
436 1789 540 1838 quod
559 1789 701 1826 intrare
733 1789 833 1826 intra
850 1788 1041 1840 praesidia
1064 1788 1258 1839 periculo-

109 1863 192 1887 sum
211 1850 398 1900 putabat;
440 1849 478 1886 in
510 1849 670 1887 Helvios
699 1850 967 1900 proficiscitur.
1037 1849 1121 1886 Etsi
1150 1862 1258 1887 mons

110 1911 306 1957 Cevenna,
339 1910 404 1961 qui
434 1911 631 1948 Arvernos
662 1912 709 1948 ab
741 1910 889 1948 Helviis
908 1910 1103 1956 discludit,
1135 1910 1257 1948 duris-

109 1972 204 2009 simo
224 1979 398 2020 tempore
428 1972 531 2017 anni,
568 1971 749 2009 altissima
774 1971 860 2009 nive
893 1971 967 2008 iter
999 1970 1256 2022 impediebat;

107 2041 249 2077 tamen,
283 2032 452 2070 discussa
470 2032 557 2069 nive
577 2044 621 2069 vl
642 2032 680 2069 in
699 2032 940 2070 altitudinem
961 2032 1118 2082 pedum,
1137 2040 1254 2083 atque

112 2092 166 2130 ita
183 2093 252 2130 viis
270 2093 486 2144 patefactis,
506 2106 654 2131 summo
668 2093 831 2130 militum
846 2093 975 2130 labore
996 2093 1044 2130 ad
1062 2093 1158 2131 fines
1180 2095 1255 2131 Ar-

109 2165 312 2191 vernorum
331 2153 517 2204 pervenit.
572 2154 721 2196 Quibus
741 2154 932 2205 oppressis
951 2154 1254 2205 inopinantibus,

110 2213 213 2264 quod
231 2227 272 2252 se
292 2215 486 2262 Cevenna,
505 2222 548 2253 ut
567 2229 691 2261 muro,
710 2215 877 2253 munitos
897 2215 1183 2262 existimabant,
1209 2228 1255 2253 ac

106 2287 156 2313 ne
176 2275 358 2326 singulari
378 2277 531 2328 quidem
551 2289 718 2328 unquam
738 2276 882 2316 homini
901 2289 948 2315 eo
967 2283 1142 2329 ternpore
1163 2277 1254 2316 anni
