1556 2683
222 275 271 310 38
525 271 600 309 DE
642 271 821 308 BELLO
864 271 1108 310 GALLICO

222 387 340 426 seque
359 374 406 411 de
426 375 485 412 his
504 376 616 413 rebus
641 376 845 413 certiorem
862 375 1018 412 faciant.
1074 375 1127 411 Hi
1147 382 1368 413 constanter

223 450 354 474 omnes
375 437 664 481 nunciaverunt,
686 450 820 473 manus
841 436 942 486 cogi,
962 436 1175 473 exercitum
1197 436 1232 473 in
1251 450 1367 473 unum

223 498 350 535 locum
374 498 549 535 conduci.
608 499 703 534 Tum
734 511 825 534 vero
855 497 1106 534 dubitandum
1134 511 1210 534 non
1237 497 1369 534 existi-

223 560 354 605 mavit,
375 559 465 609 quin
485 560 533 596 ad
553 572 618 596 eos
643 561 727 607 [ΧΗ
749 559 836 607 die]
854 558 1174 609 proficisceretur.
1215 558 1274 595 Re
1290 559 1368 595 fru-

224 620 409 657 mentari-21
426 619 589 670 provisa,
610 627 733 656 castra
751 626 894 665 movet,
914 619 1124 670 diebusque
1141 619 1294 657 circiter
1313 631 1370 656 xv

224 682 273 718 ud
292 683 386 718 fines
408 681 611 730 Belgarum
632 681 818 731 pervenit.

276 742 350 779 m.
405 741 462 778 Eo
491 755 607 791 quum
640 742 688 778 de
714 741 920 791 improviso
939 741 1178 792 celeriusque
1199 741 1370 779 omnium

226 804 407 854 opinione
449 804 627 847 venisset,
680 803 806 848 Remi,
850 803 914 854 qui
945 803 1109 853 proximi
1141 802 1290 840 Galliae
1322 816 1372 840 ex

225 863 357 914 Belgis
385 873 487 908 sunt,
521 865 568 901 ad
600 877 687 901 eum
716 864 864 914 legatos
895 864 1038 900 Iccium
1066 871 1105 900 et
1137 863 1372 914 Antebrogi·

227 940 304 970 um,
336 925 478 976 primos
497 925 677 966 civitatis,
697 924 903 962 miserunt:
935 925 999 975 qui
1020 924 1207 970 dicerent,
1228 938 1268 962 se
1288 938 1373 962 sua-

226 1000 301 1037 que
326 986 452 1023 omnia
478 986 515 1022 in
535 986 649 1022 fidem
669 992 784 1036 atque
804 993 1034 1035 potestatem
1057 985 1186 1036 populi
1211 985 1374 1023 Romani

225 1048 463 1098 permittere,
478 1060 605 1098 neque
624 1060 665 1084 se
686 1060 773 1084 cum
796 1047 923 1096 Belgis
943 1045 1099 1096 reliquis
1119 1046 1373 1093 consensisse,

225 1122 351 1159 neque
365 1116 498 1145 contra
514 1109 698 1159 populum
720 1108 936 1145 Romanum
954 1108 1109 1145 omnino
1129 1108 1350 1158 conjurfisse
1365 1124 1376 1153 ;

226 1179 456 1221 paratosque
487 1183 568 1207 esse
588 1178 626 1207 et
657 1170 809 1206 obsides
829 1169 933 1214 dare,
965 1176 1003 1206 et
1024 1169 1212 1218 imperata
1230 1168 1376 1215 facere,

225 1240 264 1269 ct
284 1232 433 1282 oppidis
453 1232 640 1282 recipcre,
669 1240 707 1268 et
725 1230 920 1268 frumento
947 1230 1163 1280 ceterisque
1185 1230 1297 1266 rebus
1313 1232 1377 1280 ju-

224 1306 338 1329 vare:
372 1292 537 1343 reliquos
565 1292 857 1342 omnes-Belgas
877 1291 914 1328 in
934 1291 1048 1328 armis
1067 1303 1150 1328 esse
1167 1304 1176 1327 ε
1210 1289 1375 1329 Germa-

225 1367 386 1404 nosque,
414 1354 477 1404 qui
505 1355 560 1392 cis
588 1355 767 1391 Rhenum
788 1354 974 1398 incolunt,
995 1365 1078 1390 sese
1098 1365 1184 1390 cum
1205 1352 1264 1390 his
1284 1366 1376 1391 con·

220 1416 422 1466 junxisse3
455 1423 680 1466 tantumque
708 1428 789 1452 esse
822 1428 954 1452 eorum
989 1414 1158 1452 omnium
1192 1413 1376 1462 furorem,

226 1485 269 1514 ut
303 1491 350 1514 ne
382 1477 606 1514 Suessiones
627 1476 798 1527 quidem,
830 1476 968 1512 fratres
988 1475 1375 1526 consanguineosque

225 1553 328 1585 suos,
363 1541 426 1590 qui
448 1540 582 1577 eodem
599 1542 700 1590 jure,
734 1537 867 1574 iisdem
887 1537 1036 1587 legibus
1056 1543 1227 1581 utantur,
1259 1550 1377 1574 unum

226 1601 430 1651 imperium
456 1613 650 1651 unumque
684 1598 948 1649 magistratum
969 1611 1056 1635 cum
1077 1597 1166 1648 ipsis
1195 1597 1377 1644 habeant,

225 1663 422 1700 deterrere
441 1662 650 1712 potuerint,
682 1661 772 1710 quin
794 1673 879 1697 cum
912 1659 970 1696 his
999 1658 1274 1696 consentirent.

276 1723 345 1759 IV.
402 1724 527 1764 Quum
549 1722 596 1758 ab
618 1721 674 1757 his
695 1728 910 1771 quaereret,
932 1733 1029 1770 quae
1050 1719 1223 1757 civitates
1253 1733 1374 1770 quan-

223 1792 365 1833 taeque
384 1783 423 1819 in
442 1783 555 1819 armis
576 1790 716 1826 essent,
751 1789 790 1818 et
810 1781 901 1832 quid
923 1781 959 1817 in
988 1781 1088 1817 bello
1117 1789 1287 1831 possent,
1322 1781 1378 1819 sic

226 1844 467 1894 reperiebat:
497 1844 702 1894 plerosque
737 1843 874 1892 Belgas
893 1855 977 1879 esse
1007 1850 1112 1879 ortos
1131 1842 1178 1879 ab
1210 1842 1376 1879 Germa-

226 1906 307 1947 11is;
338 1905 596 1954 Rhenumque
617 1904 826 1954 antiquitus
846 1904 1106 1949 tmnsductos,
1127 1911 1284 1954 propter
1300 1904 1376 1941 loci

225 1967 477 2011 fertilitatem,
508 1966 558 2002 ibi
594 1965 829 2008 consedisse,
862 1964 1086 2015 Gallosque,
1119 1967 1182 2014 qui
1215 1977 1261 2001 ea
1289 1965 1377 2002 loca

225 2028 452 2073 incolerent,
469 2027 685 2077 expulisse:
707 2026 884 2077 solosque
904 2039 1001 2070 esse,
1022 2026 1101 2076 qui,
1115 2034 1266 2076 patrum
1290 2039 1380 2063 nos-

225 2097 370 2126 trorum
394 2088 589 2133 memoria,
610 2087 713 2124 omni
735 2087 860 2125 Gallia
874 2096 1027 2133 vexata,
1049 2087 1248 2126 Teutonos
1270 2088 1378 2125 Cim-

225 2151 390 2200 brosque
412 2150 510 2186 intra
527 2148 622 2185 fines
643 2161 729 2184 suos
751 2148 899 2198 ingredi
919 2149 1185 2199 prohibuerint
1202 2165 1210 2192 ;
1232 2162 1307 2199 qua
1326 2162 1376 2186 ex

227 2224 268 2247 re
287 2211 384 2255 fieri,
406 2211 458 2247 uti
476 2223 604 2247 earum
623 2222 747 2246 rerum
766 2212 948 2247 memoria
960 2223 1136 2259 magnam
1152 2211 1221 2247 sibi
1243 2218 1377 2248 aucto-

225 2272 392 2317 ritatem,
420 2284 653 2321 magnosque
674 2271 829 2320 spiritus
849 2271 887 2308 in
907 2284 948 2308 re
968 2271 1135 2317 militari,
1167 2279 1375 2310 sumerent.

226 2332 289 2374 De
320 2345 478 2370 numero
498 2345 631 2370 eorum
651 2332 779 2370 omnia
796 2345 838 2371 se
857 2332 999 2371 habere
1019 2333 1234 2384 explorata,
1262 2333 1375 2372 Remi
