1556 2683
206 248 284 284 248
519 246 594 284 DE
640 246 819 285 BELLO
867 247 1037 286 CIVILI

205 348 295 384 dum
315 347 412 385 vallo
433 350 676 400 castellisque
697 350 972 388 circumvenire
1000 350 1174 387 instituit.
1229 350 1349 400 Cujus

203 408 328 457 operis
362 409 528 446 maxima
560 419 668 460 parte
702 410 851 455 effecta,
893 412 1028 448 eodem
1061 411 1140 447 fere
1174 417 1346 462 tempore

201 469 306 505 missi
328 470 375 506 ad
404 469 630 520 Pompeium
659 478 914 508 revertuntur.

255 530 364 567 XIX.
417 531 558 567 Literis
585 531 779 581 perlecti-²,
813 532 1006 569 Domitius
1039 532 1280 570 dissimulans
1310 533 1348 570 in

204 592 363 633 consilio
381 592 620 642 pronunciat,
638 592 864 642 Pompeium
883 593 1058 629 celeriter
1071 595 1240 631 subsidio
1255 607 1348 632 ven-

200 658 345 694 turum3
373 653 624 702 hortaturque
645 665 723 696 eos,
739 645 793 688 ‘ne
814 652 940 689 animo
961 652 1152 699 deficiant,
1175 666 1349 704 quaeque

204 711 288 748 usui
317 711 365 748 ad
387 712 672 749 defendendum
693 712 872 763 oppidum
895 712 970 748 sint
998 720 1157 762 parent:
1192 714 1270 763 ipse
1290 727 1348 751 ar-

202 785 299 809 cano
321 786 406 810 cum
427 774 559 823 paucis
581 773 826 809 familiaribus
846 773 922 809 suis
950 774 1191 823 colloquitur,
1225 774 1349 811 consi·

201 833 372 884 liumque
388 835 501 884 fugae
519 847 656 884 capere
673 834 883 871 constituit.
931 835 1056 874 Quum
1074 835 1198 870 vultus
1215 835 1350 872 Domi-

201 895 243 930 tii
264 908 350 932 cum
372 895 543 932 oratione
572 908 647 931 non
669 895 916 939 consentiret,
945 902 1060 944 atque
1089 896 1215 932 onmia
1234 897 1350 945 trepi-

203 955 356 1001 dantius
376 955 620 1005 timidiusque
636 963 780 1005 ageret,
802 969 913 1005 quam
935 955 1193 1005 superioribus
1214 957 1349 994 diebus

203 1017 441 1060 consuesset,
471 1015 710 1064 multumque
742 1027 828 1050 cum
849 1014 924 1051 suis
954 1014 1179 1050 consiliandi
1200 1027 1348 1061 caussa,

202 1083 366 1122 secreto,
396 1082 549 1125 practer
570 1074 901 1120 consuetudinem,
931 1074 1229 1124 colloqueretur,
1259 1088 1350 1112 con-

205 1136 291 1173 cilia
314 1142 600 1185 conventusque
620 1135 813 1172 hominum
838 1135 1009 1184 fugerem
1031 1148 1090 1171 res
1110 1134 1251 1172 diutius
1271 1135 1349 1185 tegi

202 1196 506 1247 dissimularique
528 1209 602 1232 non
624 1195 760 1245 potuit.
809 1195 1014 1246 Pompeius
1030 1195 1128 1232 enim
1146 1195 1351 1246 rescripse-

203 1264 274 1302 rat,
295 1271 377 1294 sese
393 1270 473 1294 rem
490 1256 526 1291 in
543 1269 730 1292 summum
754 1256 963 1306 periculum
998 1256 1254 1293 deducturum
1274 1269 1350 1292 non

201 1331 307 1361 esse;
344 1331 469 1368 neque
499 1330 568 1354 suo
597 1317 771 1363 consilio,
801 1324 867 1354 aut
895 1317 1104 1362 voluntate,
1135 1317 1350 1354 Domitium

201 1391 242 1415 se
262 1379 298 1415 in
320 1379 502 1428 oppidum
536 1377 746 1414 Corfinium
776 1377 994 1414 contulisse.
1022 1378 1195 1427 proinde,
1223 1377 1254 1413 si
1275 1391 1352 1428 qua

199 1439 362 1476 facultas
381 1439 528 1483 fuisset,
548 1438 596 1475 ad
611 1451 651 1475 se
669 1451 755 1475 cum
772 1438 946 1475 omnibus
967 1438 1086 1488 copiis
1102 1438 1260 1475 veniret.
1306 1438 1352 1474 Id

201 1512 249 1536 ne
265 1499 346 1536 fieri
362 1506 504 1549 posset,
525 1499 724 1536 obsidione
739 1506 855 1549 atque
876 1498 1006 1549 oppidi
1023 1498 1351 1536 circummunitio-

205 1573 254 1597 ne
274 1561 402 1598 fiebat,
1365 1550 1371 1556 ’

255 1621 341 1657 XX.
396 1619 607 1670 Divulgato
621 1620 783 1657 Domitii
800 1620 973 1666 consilio,
994 1620 1145 1673 milites,
1162 1621 1226 1671 qui
1243 1628 1352 1658 erant

203 1681 377 1727 Corfinii,
396 1681 518 1731 prima
536 1682 683 1731 vesperi
703 1682 958 1719 secessionem
979 1681 1123 1719 faciunt
1141 1698 1150 1726 ;
1169 1689 1283 1733 atque
1299 1682 1352 1720 ita

206 1743 305 1779 inter
324 1755 364 1779 se
383 1755 451 1792 per
478 1742 650 1779 tribunos·
678 1742 838 1780 militum
871 1742 1204 1793 centurionesque,
1237 1750 1353 1793 atque

206 1803 493 1841 honestissimos
512 1803 569 1839 sui
590 1804 756 1852 generis,
777 1803 1068 1853 colloquuntur:
1090 1804 1254 1840 obsideri
1273 1817 1313 1840 se
1329 1816 1352 1840 a

206 1864 395 1908 Caesare3
423 1876 538 1914 opera
566 1864 874 1914 munitionesque
893 1876 1012 1914 prope
1033 1877 1113 1901 csse
1134 1863 1351 1914 perfecta83

207 1925 344 1963 ducem
365 1937 471 1961 suum
494 1924 723 1970 Domitium,
751 1927 858 1974 cujus
879 1938 945 1975 spe
965 1932 1079 1975 atque
1107 1925 1247 1962 fiducia
1266 1938 1353 1974 per-

203 1985 426 2029 manserint,
454 1985 636 2034 projectis
656 1986 845 2031 omnibus,
873 1985 986 2035 fugae
1015 1986 1216 2023 consilium
1236 1998 1349 2035 cape-

206 2059 271 2083 re:
301 2045 442 2082 debere
460 2057 500 2081 se
521 2057 611 2081 suae
631 2045 762 2082 salutis
783 2046 969 2083 rationem
989 2046 1143 2084 habere.
1197 2047 1260 2082 Ab
1289 2046 1348 2084 his

204 2107 326 2156 primo
348 2105 466 2142 Marsi
487 2105 687 2142 dissentire
709 2105 910 2156 incipiunt,
932 2120 1092 2157 eamque
1120 2106 1249 2157 oppidi
1268 2119 1354 2157 par-

205 2174 298 2211 tem,
318 2178 415 2216 quae
437 2165 687 2202 munitissima
706 2166 914 2212 videretur,
936 2174 1149 2217 occupant:
1170 2173 1353 2217 tantaque

206 2226 306 2263 inter
326 2239 391 2263 eos
411 2226 594 2263 dissensio
614 2226 758 2271 existit,
780 2234 821 2263 ut
842 2240 995 2264 manum
1016 2239 1217 2276 conserere
1237 2234 1353 2278 atque

205 2287 317 2332 armis
337 2287 518 2330 dimicare
549 2294 763 2331 conentur:
803 2295 890 2338 post
909 2288 1036 2339 paullo
1064 2296 1206 2336 tamen,
1236 2288 1352 2327 inter·
