1556 2683
591 310 756 350 LIBER
810 311 842 349 Ι.
1258 314 1297 350 11

157 414 257 465 tem)
281 414 446 465 graviter
478 426 544 452 eos
575 423 756 453 accusat:
798 414 915 466 quod,
935 428 1052 465 quum
1072 427 1198 465 neque
1231 413 1306 452 emi

158 488 283 526 neque
303 488 353 513 ex
372 476 473 527 agris
492 477 589 514 sumi
607 483 750 527 posset,
784 484 861 514 tam
881 476 1097 515 necessario
1117 484 1305 527 tempore,

156 544 235 573 tarn
249 537 471 588 propinquis
483 538 672 584 hostibus,
698 539 745 575 ab
766 538 810 575 iis
828 551 904 574 non
925 538 1144 575 sublevetur
1161 554 1170 581 ;
1197 550 1306 588 prae-

157 598 288 635 sertim
308 611 424 648 quum
443 611 582 649 magna
601 612 650 636 ex
669 606 777 650 parte
809 611 941 636 eorum
961 599 1141 648 precibus
1160 598 1306 635 adduc-

157 666 218 696 tus
236 659 378 697 bellum
397 660 631 710 susceperit:
661 660 781 697 multo
801 660 914 697 etiam
934 660 1099 710 gravius,
1126 659 1230 709 quod
1258 659 1307 696 sit

155 720 376 767 destitutus,
405 722 590 772 queritur.

207 782 336 819 XVII.
391 782 490 819 Tum
510 782 663 820 demum
680 783 831 827 Liscus,
851 781 1026 819 oratione
1046 781 1220 820 Caesaris
1239 781 1305 819 ad-

156 845 308 889 ductus,
338 843 440 894 quod
454 851 568 881 antea
582 850 770 888 tacuerat,
789 843 992 894 proponit:
1023 842 1118 880 Esse
1138 842 1301 880 nonnul-

153 905 226 951 los,
255 917 417 955 quorum
438 903 646 942 auctoritas
676 903 778 954 apud
796 903 947 954 plebem
966 903 1172 954 plurimum
1202 903 1305 940 vale-

154 972 209 1011 at,
241 965 306 1016 qui
325 965 500 1016 privatim
521 965 605 1015 plus
623 965 783 1015 possint,
813 977 925 1015 quam
946 964 1016 1014 ipsi
1036 964 1304 1013 magistratus:

153 1026 224 1062 hos
236 1026 417 1063 seditiosa
431 1033 546 1076 atque
561 1026 734 1076 improba
748 1025 921 1062 oratione
937 1024 1221 1062 multitudinem
1237 1024 1304 1061 de-

155 1093 315 1131 terrere,
334 1098 382 1123 ne
402 1086 636 1123 frumentum
655 1085 881 1129 conferant;
915 1085 1017 1136 quod
1036 1092 1231 1135 praestare
1250 1085 1306 1122 ‹li-

154 1154 258 1192 cant,
291 1146 322 1183 si
347 1148 426 1196 jam
445 1146 702 1197 principatum
731 1145 882 1183 Galliae
914 1145 1089 1182 obtinere
1121 1158 1198 1183 non
1218 1158 1306 1195 pos-

150 1207 240 1253 sint,
259 1207 473 1254 Gallorum,
493 1221 606 1258 quam
627 1207 904 1253 Romanorum,
924 1206 1084 1257 imperia
1102 1205 1274 1256 perferre
1291 1221 1301 1243 ε

150 1281 278 1319 neque
297 1268 473 1306 dubitare
491 1269 672 1314 debeant,
691 1268 797 1319 quin,
825 1268 857 1305 si
878 1268 1080 1305 Helvetios
1099 1280 1304 1318 superave-

151 1331 228 1367 rint
248 1329 425 1375 Romani‚
453 1342 530 1367 una
559 1343 647 1367 cum
666 1329 813 1380 reliqua
832 1328 959 1366 Gallia
979 1328 1128 1366 Aeduis
1146 1329 1303 1366 liberta-

150 1400 229 1429 tem
247 1391 323 1429 sint
341 1390 523 1441 erepturi.
558 1391 622 1427 Ab
638 1390 773 1428 iisdem
789 1397 920 1427 nostra
938 1389 1111 1436 consilia,
1126 1403 1304 1441 quaeque

152 1452 191 1489 in
206 1452 341 1489 castris
356 1458 553 1502 gerantur,
573 1450 747 1488 hostibus
766 1449 964 1487 enunciari
980 1463 989 1486 :
1018 1451 1088 1488 hos
1101 1463 1123 1487 a
1138 1463 1180 1487 se
1196 1452 1304 1488 co'e'r-

151 1514 230 1550 ceri
250 1526 326 1550 non
345 1525 470 1563 posse.
508 1512 611 1554 Quin
627 1511 757 1557 etiam,
777 1511 880 1561 quod
904 1511 1122 1548 necessario
1142 1524 1222 1549 rem
1238 1524 1304 1549 co-

150 1582 258 1612 actus
296 1574 451 1612 Caesari
470 1573 699 1618 enunciarit,
728 1572 944 1622 intelligere
963 1585 1062 1617 sese,
1091 1579 1235 1622 quanto
1265 1572 1306 1609 id

150 1648 238 1673 cum
251 1635 425 1686 periculo
443 1634 606 1678 fecerit3
633 1641 673 1671 et
691 1634 740 1671 ob
761 1646 845 1671 eam
875 1644 1062 1680 caussam,
1091 1646 1206 1684 quam
1236 1633 1303 1670 diu

150 1696 335 1747 potuerit,
363 1695 542 1734 tacuisse.

198 1756 348 1793 XVIII,
402 1756 544 1795 Caesar
561 1757 635 1795 hac
662 1757 836 1795 oratione
868 1757 973 1795 Lisci
1005 1756 1304 1806 Dumnorigem,

146 1817 331 1855 Divitiaci
348 1817 522 1864 fratrem,
542 1818 735 1869 designari
749 1818 965 1856 sentiebat:
993 1818 1077 1864 sed,
1097 1818 1201 1868 quod
1215 1818 1300 1868 plu-

147 1879 252 1916 ribus
271 1879 536 1930 praesentibus
562 1892 626 1916 eas
658 1892 720 1916 res
745 1879 883 1930 jactari
913 1880 1083 1924 nolebat,
1123 1878 1302 1916 celeriter

149 1939 355 1978 concilium
374 1939 532 1977 dimittit
548 1955 558 1983 ;
583 1940 743 1977 Liscum
759 1940 913 1978 retinet.
968 1940 1130 1983 Quaerit
1148 1953 1198 1978 ex
1218 1940 1302 1978 solo

149 2014 209 2047 ea,
229 2013 327 2052 quae
347 2001 385 2037 in
401 2008 596 2038 conventu
611 2001 786 2039 dixerat:
807 2001 902 2040 dicit
916 2001 1088 2047 liberius,
1102 2008 1220 2052 atque
1235 2014 1302 2039 au·

146 2062 292 2100 dacIus.
319 2062 455 2100 eadem
473 2069 624 2100 secreto
643 2063 691 2099 ab
710 2062 794 2100 aliis
826 2063 999 2114 quaerit:
1038 2063 1184 2112 reperit
1216 2075 1301 2100 esse

144 2136 260 2161 vera:
279 2123 411 2174 Ipsum
426 2136 509 2161 esse
524 2123 819 2174 Dumnorigem,
833 2136 982 2161 summa
997 2124 1171 2170 audacia,
1192 2137 1299 2174 mag-

146 2197 197 2222 na
213 2184 316 2235 apud
330 2183 483 2234 plebem
497 2191 657 2235 propter
670 2184 939 2222 liberalitatem
955 2185 1093 2236 gratia,
1114 2185 1300 2236 cupidum

145 2257 273 2282 rerum
298 2257 508 2282 novarum:
541 2245 758 2296 complures
776 2258 897 2283 annos
921 2246 1107 2297 portoria,
1134 2246 1299 2297 reliqua-

144 2318 219 2356 que
234 2305 360 2343 omnia
380 2306 608 2343 Aeduorum
625 2306 845 2357 vectigalia,
872 2319 990 2358 parvo
1005 2307 1131 2358 pretio
1146 2307 1298 2345 redem-

146 2373 186 2404 ta
203 2366 359 2414 habere,
374 2375 580 2418 propterea
594 2367 711 2419 quod,
744 2367 810 2405 illo
839 2367 996 2415 licente,
1025 2375 1161 2406 contra
1187 2368 1300 2406 liceri
