1556 2683
556 240 723 279 LIBER
777 242 826 280 V.
1196 246 1267 285 125

111 351 229 394 parte
252 343 425 382 Senones
441 343 708 396 Carnutesque
722 345 957 384 conscientia
969 345 1150 384 facinoris
1164 347 1269 386 insti-

112 406 218 455 gari,
250 405 373 442 altera
406 404 569 443 Nervios
601 407 904 457 Aduatucosque
925 407 1066 445 bellum
1087 408 1270 447 Romanis

111 479 270 517 -parare,
289 479 416 517 neque
435 467 504 505 sibi
525 467 824 506 voluntariorum
847 468 976 519 copias
995 468 1142 514 defore,
1167 470 1198 507 si
1218 483 1268 508 ex

110 527 258 565 finibus
268 528 347 565 suis
360 529 539 578 progredi
554 530 745 579 coepisset
759 545 768 572 ;
785 537 972 567 armatum
990 530 1197 567 concilium
1212 531 1269 568 in-

117 588 227 634 dicit,
251 588 350 640 (boc
368 602 474 627 more
495 589 694 627 Gallorum
715 597 774 628 est
794 590 942 628 initium
962 590 1074 642 belli)
1098 604 1189 641 quo,
1212 591 1267 629 le-

113 661 167 700 ge
182 651 396 696 communi,
429 663 562 688 omnes
594 651 758 701 puberes
790 652 927 689 armati
947 653 1152 690 convenire
1171 665 1267 690 con-

111 712 299 749 suerunt:
337 711 401 762 qui
421 724 471 749 ex
491 712 535 749 iis
567 712 795 750 novissimus
827 712 945 758 venit,
983 712 1021 750 in
1054 722 1266 764 conspectu

108 772 372 810 multitudinis
391 772 569 810 omnibus
588 773 822 810 cruciatibus
836 773 993 812 affectus
1008 782 1179 812 necatur.
1221 774 1267 812 ln

111 844 164 870 *eo
183 833 351 871 concilio
384 832 688 883 Cingetorigem,
721 833 876 870 alterius
896 833 1108 884 principem
1128 834 1266 871 factio-

115 893 188 940 nis,
214 907 401 944 generum
433 907 558 940 suum,
597 894 730 946 (quem
762 907 876 945 supra
907 895 1265 942 demonstravimus,

107 954 292 993 -Caesaris
310 963 487 994 secutum
506 955 636 1001 fidem,
668 956 716 992 ab
737 969 784 992 eo
818 968 893 992 non
914 955 1154 1008 discessisse)
1181 958 1266 994 hos-

105 1022 192 1053 ·tem
208 1016 373 1067 judicat,
407 1017 587 1068 bonaque
605 1018 688 1067 ejus
707 1016 890 1066 publicat.
947 1016 1020 1053 His
1040 1018 1154 1054 rebus
1173 1030 1266 1055 con-

112 1077 240 1123 sectis,
272 1078 310 1114 in
331 1077 497 1115 concilio
516 1076 762 1128 pronunciat,
798 1077 1022 1114 arcessitum
1041 1089 1082 1114 se
1101 1090 1124 1114 a
1143 1077 1264 1117 Seno-

113 1139 227 1176 nibus
246 1146 285 1176 et
302 1139 553 1184 Carnutibus,
573 1138 733 1189 aliisque
754 1138 1015 1189 compluribus
1036 1138 1185 1176 Galliae
1208 1140 1265 1178 ci-

113 1200 310 1247 vitatibus,
338 1201 415 1238 buc
436 1201 507 1239 iter
520 1200 716 1238 facturum
735 1213 805 1251 per
824 1200 918 1238 fines
939 1200 1165 1247 Remorum,
1196 1215 1262 1239 eo-

113 1274 276 1312 rumque
295 1274 410 1313 agros
428 1261 700 1312 populaturum
718 1276 727 1304 ;
751 1274 800 1299 ac
819 1262 936 1311 prius,
971 1274 1083 1312 quam
1113 1262 1151 1299 id
1171 1262 1264 1301 faei-

110 1330 167 1369 at,
195 1323 358 1361 Labieni
385 1332 513 1361 castra
544 1330 869 1374 oppugnaturum.
923 1324 1034 1365 Quae
1053 1323 1136 1360 fieri
1155 1324 1262 1370 velit,

104 1385 316 1436 praecipit.

157 1445 291 1483 LVH.
344 1445 554 1492 Labienus,
589 1459 706 1497 quum
740 1455 779 1482 et
810 1445 886 1483 loci
906 1452 1044 1483 natura
1075 1453 1116 1484 et
1145 1459 1263 1485 manu

110 1507 372 1545 munitissimis
403 1508 538 1546 castris
566 1520 650 1545 sese
679 1514 846 1553 teneret,
879 1507 927 1544 de
945 1520 1016 1545 suo
1035 1515 1086 1545 ac'
1098 1508 1263 1558 legionis

110 1569 283 1621 periculo
303 1569 395 1606 nihil
410 1569 600 1614 -timebat3
637 1581 821 1620 nequam
851 1569 1094 1607 occasionem
1112 1570 1170 1606 rei
1197 1571 1264 1608 he-

110 1643 160 1669 ne
178 1631 372 1681 gerendae
389 1630 618 1676 dimitteret,
646 1630 853 1680 cogitabat·
905 1629 1057 1680 Itaque,
1075 1642 1101 1667 a
1119 1630 1262 1681 Cinge-

102 1694 236 1744 -torige
271 1700 387 1744 atque
417 1694 502 1742 ejus
533 1691 760 1743 propinquis
794 1692 966 1729 oratione
999 1691 1262 1730 Induciomari

112 1754 282 1805 cognita,
303 1767 416 1805 quam
437 1755 475 1791 in
491 1753 655 1792 concilio
672 1753 871 1799 habuerat,
894 1753 1055 1790 nuncios
1074 1753 1192 1790 mittit
1208 1754 1261 1791 ad

99 1815 290 1854 finitimas
318 1816 510 1861 civitates,
550 1815 784 1866 vequitesque
813 1815 984 1866 undique
1009 1823 1172 1853 evocat:
1215 1816 1260 1853 iis

111 1885 260 1915 certum
281 1877 382 1914 diem
403 1876 658 1915 conveniendi
678 1875 786 1913 dicit.
839 1875 1001 1914 Interim
1021 1889 1142 1926 prope
1162 1890 1258 1927 quo-

110 1939 203 1977 tidie
217 1952 304 1977 cum
320 1940 423 1977 omni
443 1939 617 1990 equitatu
631 1937 922 1975 Induciomarus
938 1938 1008 1974 sub
1022 1939 1156 1975 castris
1177 1941 1259 1989 ejus

109 2001 334 2050 vagabatur,
350 2000 442 2038 alias
458 2008 500 2037 ut
514 2000 629 2037 situm
649 2005 860 2036 castrorum
877 2006 1146 2049 cognosceret,
1166 1999 1259 2037 alias

111 2061 358 2112 colloquendi
377 2069 444 2100 aut
463 2061 662 2099 territandi
681 2072 815 2098 caussa
832 2073 841 2097 ε
861 2060 1011 2111 equites
1030 2060 1259 2111 plerumque

113 2134 246 2159 omnes
266 2122 344 2160 tela
359 2122 458 2160 intra
477 2122 617 2160 vallum
638 2122 909 2172 conjiciebant.
963 2121 1158 2159 Labienus
1171 2135 1261 2160 suos

113 2182 214 2220 intra
243 2183 477 2221 munitiones
496 2183 743 2227 continebat3
772 2183 995 2234 timorisque
1024 2183 1261 2234 opinionem,

114 2244 408 2296 quibuscunque
428 2252 582 2296 poterat
599 2245 728 2291 rebus,
748 2245 936 2294 augebat.

163 2306 313 2345 L'VHI.
359 2308 496 2350 Quum
524 2308 670 2358 majore
690 2306 729 2344 in
747 2307 829 2345 dies
848 2307 1112 2347 contemtione
1141 2306 1260 2347 Indu-
