1556 2683
525 234 690 272 LIBER
744 234 812 271 lv,
1190 235 1236 270 81

95 337 306 384 biberetur,
326 337 539 376 exercitum
558 338 674 375 modo
694 337 869 374 Rhenum
890 342 1180 386 transportaret,
1201 335 1240 373 id

96 399 166 436 sibi
187 400 235 436 ad
254 399 452 444 auxilium,
488 412 674 450 spemque
693 399 828 449 reliqui
849 398 1044 448 temporis,
1072 398 1163 435 satis
1181 396 1241 434 fu-

97 466 223 496 turum
240 473 249 495 :
277 467 424 496 tantum
445 472 527 497 esse
547 472 686 497 nomen
703 467 818 510 atque
834 460 1052 510 opinionem
1070 461 1152 508 ejus
1172 466 1240 495 ex&

97 521 252 565 orcitus,
279 521 468 558 Ariovisto
484 521 609 571 pulso,
628 528 668 557 et
688 521 761 558 hoc
774 521 979 557 novissimo
999 521 1146 571 proelio
1162 519 1242 557 fac-

95 588 148 626 to,
168 582 282 618 etiam
302 582 351 618 ad
372 581 522 618 ultimas
542 581 824 619 Germanorum
858 581 1047 624 nationes,
1085 580 1140 617 uti
1161 580 1242 630 opi-

97 642 210 678 nione
246 650 287 679 et
323 642 491 679 amicitia
518 642 650 692 populi
683 641 846 679 Romani
877 642 949 678 tuti
975 654 1057 678 esse
1084 641 1242 691 possint.

97 701 261 739 Navium
293 715 468 752 magnam
501 703 650 752 copiam
670 703 719 739 ad
738 703 1073 752 transportandum
1093 703 1243 740 exerci-

95 770 176 799 tum
207 763 499 813 pollicebantur.

147 823 276 860 XVII.
331 824 473 862 Caesar
494 825 550 861 his
570 824 619 862 de
639 824 795 870 caussis,
816 837 910 875 quas
931 825 1242 872 commemoravi,

96 885 275 922 Rhenum
292 886 452 923 transire
472 886 715 924 decreverat:
735 886 803 922 sed
823 885 982 923 navibus
997 886 1159 923 transire
1174 899 1242 924 ne-

94 959 168 997 que
187 947 278 984 satis
297 954 422 984 tutum
456 959 538 984 esse
557 946 828 991 arbitrabatur,
860 959 985 996 neque
1005 959 1096 984 suae
1117 960 1245 998 neque

92 1008 224 1059 populi
247 1008 409 1044 Romani
431 1007 627 1057 dignitatis
647 1019 731 1044 esse
749 1007 954 1044 statuebat.
1008 1007 1160 1058 Itaque,
1185 1016 1245 1046 et-

94 1069 124 1106 si
161 1082 308 1106 summa
340 1067 541 1105 difficultas
578 1067 743 1107 faciendi
780 1067 907 1117 pontis
944 1069 1245 1118 proponebatur,

93 1137 251 1181 propter
270 1129 526 1174 latitudinem,
546 1129 805 1179 rapiditatem,
834 1127 1154 1179 altitudinemque
1173 1130 1245 1167 flu-

92 1191 217 1236 minis,
249 1199 377 1228 tamen
411 1190 450 1226 id
475 1190 547 1227 sibi
566 1189 894 1234 contendendum,
927 1197 993 1226 aut
1020 1189 1131 1227 aliter
1163 1203 1242 1229 non

92 1252 418 1290 transducendum
452 1251 682 1295 exercitum,
707 1249 964 1287 existimabat.
1033 1250 1240 1289 Rationem

93 1311 220 1362 pontis
241 1311 339 1348 hanc
359 1311 536 1348 instituit.
580 1310 705 1360 Tigna
718 1310 809 1347 bina
823 1310 1117 1361 sesquipedalia,
1137 1312 1244 1363 paul-

92 1373 171 1410 lum
186 1373 233 1410 ab
248 1372 325 1409 imo
345 1378 564 1422 praeacuta,
587 1371 762 1408 dimensa
789 1371 836 1408 ad
858 1372 1099 1409 altitudinem
1118 1373 1246 1410 flumi-

92 1434 164 1479 nis,
181 1433 382 1470 intervallo
396 1432 541 1484 pedum
553 1433 716 1469 duorum
733 1431 832 1469 inter
846 1445 886 1468 se
901 1434 1102 1483 jungebat.
1131 1434 1246 1472 Haec

93 1508 210 1545 quum
243 1493 592 1531 machinationibus
624 1492 790 1529 immissa
809 1492 848 1528 in
867 1492 1010 1530 flumen
1040 1493 1244 1541 defixerat,

91 1556 313 1606 fistucisque
333 1555 530 1604 adegerat,
567 1567 645 1591 non
678 1553 848 1590 sublicae
881 1553 996 1591 modo
1027 1555 1177 1593 directa
1195 1557 1245 1594 ad

92 1615 426 1668 perpendiculum,
445 1615 512 1652 sed
532 1627 667 1664 prona,
688 1627 733 1652 ac
752 1614 944 1664 fastigata,
970 1623 1013 1652 ut
1031 1617 1245 1655 secundum

93 1689 268 1715 naturam
287 1677 455 1714 fluminis
470 1676 791 1727 procumberent;
813 1676 856 1712 iis
869 1676 961 1713 item
983 1678 1175 1715 contraria
1193 1690 1243 1725 11,

93 1740 142 1777 ad
161 1739 327 1776 eundem
347 1739 502 1775 modum
517 1739 667 1787 juncta,
697 1737 897 1775 intervallo
917 1738 1060 1788 pedum
1081 1740 1245 1789 quadra-

92 1814 248 1851 genum,
267 1800 314 1837 ab
335 1799 513 1836 inferiore
529 1807 652 1849 parte,
673 1806 810 1836 contra
827 1800 901 1836 vim
922 1808 1038 1850 atque
1057 1801 1245 1852 impetum

92 1862 259 1899 fluminis
280 1873 464 1898 conversa
482 1860 686 1897 statuebat,
717 1860 814 1898 haec
835 1868 998 1912 utraque
1014 1862 1168 1913 insuper
1186 1864 1244 1901 bi-

91 1923 291 1974 pedalibus
307 1923 477 1959 trabibus
490 1922 680 1967 immissis,
699 1930 884 1972 quantum
899 1936 1032 1960 eorum
1048 1925 1246 1975 tignorum

90 1987 273 2035 junctura
305 1983 485 2026 distabat,
514 1982 613 2019 binis
635 1984 826 2033 utrimque
845 1984 972 2022 fibulis
992 1986 1039 2022 ab
1068 1994 1246 2023 extrema

93 2053 215 2097 parte,
247 2045 553 2082 distinebantur:
592 2045 728 2095 quibus
748 2045 939 2092 disclusis,
959 2054 1075 2098 atque
1094 2048 1132 2084 in
1153 2061 1246 2085 con-

93 2107 247 2144 trariam
267 2114 416 2157 partem
436 2106 632 2152 revinctis,
663 2114 770 2144 tanta
790 2115 871 2145 erat
890 2108 1016 2159 operis
1036 2109 1245 2155 firmitudo,

94 2176 210 2219 atque
244 2181 290 2205 ea
309 2180 435 2205 rerum
456 2175 607 2213 natura,
638 2175 693 2213 ut,
723 2181 799 2219 quo
826 2170 949 2219 major
968 2169 1022 2206 vis
1049 2182 1172 2221 aquae
1205 2184 1248 2208 se

94 2229 344 2274 incitavisset‚
376 2229 452 2265 hoc
485 2228 628 2265 arctius
661 2228 808 2279 illigata
840 2236 1079 2267 tenerentur.
1133 2231 1249 2269 Haec

97 2290 246 2328 directa
274 2290 433 2328 materie
465 2290 609 2339 injecta
639 2291 962 2339 contexebantur,
996 2300 1034 2329 et
1062 2292 1247 2344 longuriis

126 2351 237 2388 ToM.
268 2351 299 2388 1.
650 2351 688 2388 L
