1556 2683
634 349 799 388 LIBER
854 349 885 385 Ι.
1257 348 1332 388 255

187 459 268 490 crat
301 452 476 490 maximis
506 452 703 491 beneflciis
735 451 919 503 Pompeio
944 450 1145 494 devincta3
1173 451 1328 496 auxilia,

185 513 396 564 equitatum
416 514 554 565 parari,
592 513 756 552 Galliam
775 513 1004 564 Italiamque
1023 511 1176 557 tentam
1205 524 1244 548 se
1265 513 1329 549 ab·

186 581 310 618 sente,
337 575 503 612 nolebat.

239 633 365 671 XXX.
412 633 548 685 Itaque
564 635 600 672 in
613 634 831 686 praesentia
846 631 1018 683 Pompeii
1040 630 1262 681 insequendi
1276 644 1334 668 ra-

186 694 331 732 tionem
364 695 528 739 omittit3
565 696 602 732 in
637 695 864 746 Hispaniam
897 692 1089 744 proficisci
1120 692 1336 736 constituit;

185 755 396 794 duumviris
426 756 720 806 municipiorum
750 755 920 792 omnium
949 754 1123 804 imperat,
1157 760 1200 790 ut
1218 765 1334 789 naves

186 815 430 866 conquirant,
450 816 773 866 Brundisiumque
789 814 1037 853 deducendas
1056 821 1205 850 curent.
1243 812 1336 849 Mit-

188 875 234 913 tit
263 875 301 912 in
332 876 544 914 Sardiniam
564 890 651 914 curn
669 876 822 927 legione
842 888 918 913 una
938 874 1131 912 Valerium
1151 874 1336 924 legatum,

187 935 227 972 in
259 936 427 974 Siciliam
457 937 665 975 Curionem
690 943 979 987 propraetorem
1006 948 1093 973 cum
1122 934 1339 985 legionibus

194 1011 259 1034 111.
287 998 467 1043 eundem,
501 1011 617 1048 quum
649 997 818 1035 Siciliam
846 995 1069 1047 recepisset,
1099 995 1273 1047 protinus
1300 995 1339 1032 in

191 1058 366 1096 Africam
383 1058 630 1096 transducere
646 1057 860 1095 exercitum
875 1057 1000 1106 jubet.
1039 1056 1251 1094 Sardiniam
1272 1057 1339 1094 ob-

188 1119 336 1157 tinebat
364 1118 423 1156 M.
443 1120 583 1163 Cotta;
613 1119 780 1157 Siciliam
802 1118 860 1155 M.
894 1118 1014 1161 Cat03
1045 1117 1219 1155 Africam
1238 1124 1340 1155 sorte

191 1179 348 1217 Tubero
377 1179 550 1217 obtinere
588 1179 768 1216 debebat.
823 1177 1046 1223 Caralitani,
1082 1177 1193 1214 simul
1223 1177 1271 1214 ad
1299 1189 1340 1215 se

189 1240 386 1278 Valerium
414 1240 514 1277 mitti
535 1240 754 1285 audierunt,
784 1238 955 1276 nondum
985 1237 1161 1288 profecto
1182 1251 1231 1276 ex
1259 1238 1339 1275 Ita-

188 1301 252 1347 lia,
273 1313 341 1338 sua
359 1308 495 1351 sponte
515 1314 564 1339 ex
585 1300 728 1351 oppido
749 1300 905 1338 Cottam
923 1299 1095 1349 ejiciunt.
1149 1298 1234 1345 Ille,
1254 1311 1340 1349 per-

190 1361 362 1406 territuS,
391 1362 495 1412 quod
524 1375 675 1399 omnem
695 1360 930 1412 provinciam
957 1359 1175 1398 consentire
1204 1359 1344 1397 intelli-

196 1429 322 1473 geret,
349 1435 399 1460 ex
421 1422 596 1460 Sardinia
615 1422 653 1459 in
674 1422 848 1460 Africam
867 1420 1051 1472 profugit.
1105 1421 1205 1459 Cato
1225 1422 1262 1458 in
1284 1421 1342 1458 Si-

194 1484 284 1523 cilia
301 1497 416 1522 naves
435 1484 569 1535 longas
589 1491 741 1522 veteres
759 1482 972 1529 reficiebat,
993 1495 1110 1520 novas
1125 1482 1350 1520 civitatibus

191 1545 416 1596 imperabat.
449 1546 548 1583 haec
572 1558 714 1595 magno
741 1544 868 1582 studio
896 1544 1059 1595 agebat:
1097 1543 1133 1580 in
1164 1543 1346 1591 Lucanis,

196 1605 452 1657 Bruttiisque,
484 1619 554 1656 per
571 1606 718 1656 legatos
737 1618 826 1643 suos
845 1605 985 1642 civium
1007 1605 1270 1642 Romanorum
1290 1605 1347 1642 di-

194 1667 321 1704 lectus
347 1667 537 1704 habebat:
574 1666 746 1717 equitum
766 1666 1017 1716 peditumque
1036 1673 1186 1703 certum
1214 1679 1347 1704 nume-

197 1741 282 1766 rum
313 1742 335 1766 a
363 1728 583 1766 civitatibus
618 1727 770 1765 Siciliae
804 1727 997 1776 exigebat.
1051 1726 1200 1769 Quibus
1234 1728 1347 1764 reb-us

201 1800 326 1838 paene
353 1787 547 1838 perfectis,
581 1788 747 1825 adventu
768 1787 946 1824 Curionis
973 1787 1144 1838 cognito,
1176 1787 1350 1838 queritur

197 1847 236 1884 in
258 1847 461 1894 concione,
481 1860 563 1885 sese
582 1849 799 1898 projectum
814 1859 858 1884 ac
878 1847 1072 1897 proditum
1098 1860 1121 1884 a
1141 1847 1212 1885 Cn.
1235 1847 1347 1885 Pom-

197 1909 286 1961 peio
303 1925 312 1952 3
342 1909 421 1959 qui,
441 1909 618 1945 omnibus
636 1908 751 1945 rebus
770 1908 1097 1958 imparatissimus,
1117 1921 1195 1945 non
1215 1921 1350 1946 neces-

198 1970 338 2008 sarium
358 1970 501 2007 bellum
523 1969 768 2020 suscepisset,
789 1976 841 2014 ct,
861 1969 908 2006 ab
924 1981 964 2005 se
980 1969 1212 2019 reliquisque
1233 1970 1270 2006 in
1290 1983 1349 2007 se-

199 2039 293 2068 natu
313 2031 587 2081 interrogatuS,
615 2030 744 2067 omnia
763 2029 833 2067 sibi
854 2042 938 2068 esse
957 2030 1006 2067 ad
1032 2030 1175 2067 bellu-m
1196 2037 1285 2080 apta
1305 2043 1350 2067 ac

196 2099 332 2142 parata
352 2091 665 2128 confirmavisset.
711 2090 824 2128 Haec
843 2090 882 2127 in
902 2090 1089 2128 concione
1109 2097 1280 2141 questus,
1301 2104 1351 2128 ex

198 2152 397 2202 provincia
414 2151 526 2202 fugit.

253 2213 401 2250 XXXI.
456 2212 572 2249 Nacti
592 2224 732 2249 vacuas
752 2212 798 2250 ab
820 2211 1002 2263 imperiis,
1033 2212 1244 2250 Sardiniam
1275 2212 1352 2250 Va-

200 2274 328 2320 lerius,
347 2274 464 2312 Curio
487 2273 670 2316 Siciliam,
691 2286 777 2311 cum
795 2273 1029 2310 exercitibus
1049 2286 1095 2310 eo
1111 2274 1353 2324 perveniunt.

202 2335 358 2372 Tubero
378 2348 496 2384 quum
516 2334 553 2371 in
576 2334 749 2371 Africam
768 2334 949 2379 venisset,
979 2334 1120 2371 invenit
1141 2334 1180 2371 in
1199 2334 1352 2384 provin-

205 2395 264 2432 cia
283 2408 371 2433 cum
391 2395 552 2446 imperio
587 2395 741 2433 Attium
761 2394 922 2442 Varum,
953 2394 1031 2445 qui,
1059 2395 1108 2433 ad
1128 2395 1359 2441 Auximum,
