1556 2683
619 305 784 343 LIBER
838 305 869 343 Ι.
1242 309 1317 347 243

172 420 243 458 per
258 407 527 446 contumeliam
543 407 589 445 ab
604 407 766 445 inimicis
781 414 1092 457 extorqueretur,
1107 415 1317 460 ereptoque

173 468 348 505 semestri
380 467 540 517 imperio
560 468 596 504 in
613 469 746 506 urbem
762 468 1034 512 retraheretur,
1056 469 1165 517 cujus
1179 470 1315 506 absen-

173 527 222 563 tis
240 527 426 564 rationem
447 527 577 564 haberi
600 527 783 578 proximis
814 527 978 565 comitiis
997 527 1158 578 populus
1184 529 1317 578 jussis-

171 595 254 625 set:
292 595 419 624 tamen
446 587 547 625 hanc
569 589 759 637 jacturam
790 587 945 624 honoris
976 588 1048 633 sui,
1083 588 1317 638 reipublicae

173 659 320 693 caussa,
353 660 477 698 aequo
505 646 632 684 animo
660 648 816 685 tulisse:
844 660 962 697 quum
990 648 1120 685 literas
1141 648 1188 684 ad
1206 661 1316 686 sena-

171 715 252 746 tum
272 708 432 754 miserit,
452 715 495 745 ut
514 719 646 745 omnes
666 709 713 745 ab
734 708 968 745 exercitibus
988 708 1246 755 discederent,
1267 721 1315 746 ne

170 768 210 805 id
230 768 385 819 quidem
415 768 696 818 impetravisse:
730 775 811 805 tota
840 768 950 805 Italia
978 768 1140 806 dilectus
1170 769 1317 815 haberi,

170 828 327 866 retineri
355 829 527 879 legiones
548 842 596 876 11,
625 841 723 879 quae
751 829 798 865 ab
818 841 858 866 se
877 829 1117 866 simulatione
1145 829 1317 867 Parthici

171 889 262 927 belli
282 889 357 927 sint
377 890 590 928 abductae:
611 890 802 927 civitatem
819 901 902 926 esse
923 889 960 926 in
979 889 1105 927 armis.
1139 892 1317 932 Quonam

169 949 267 988 haec
287 951 426 996 omnia,
455 951 526 988 nisi
544 951 593 988 ad
611 963 717 987 suam
738 950 960 999 perniciem,
983 950 1201 1000 pertinere?
1242 951 1319 989 Sed

172 1017 301 1048 tamen
321 1011 369 1048 ad
390 1011 518 1048 omnia
534 1024 575 1048 se
595 1011 830 1048 descendere
849 1017 1037 1060 paratum,
1057 1018 1173 1061 atque
1195 1012 1322 1049 omnia

170 1071 250 1122 pati
274 1071 508 1122 reipublicae
541 1084 686 1109 caussa.
740 1071 1009 1108 Proficiscatur
1040 1071 1245 1121 Pompeius
1279 1073 1317 1110 in

172 1143 260 1169 suas
288 1132 526 1182 provincias:
563 1133 634 1183 ipsi
654 1132 847 1169 exercitus
867 1132 1082 1169 dimittant:
1120 1133 1321 1171 discedant

171 1192 211 1229 in
229 1192 343 1230 Italia
369 1205 502 1230 omnes
521 1193 568 1229 ab
597 1192 731 1230 armis:
767 1199 892 1230 metus
917 1205 938 1229 e
958 1192 1111 1230 civitate
1140 1194 1319 1232 tollatur:

170 1252 291 1290 libera
309 1253 464 1290 comitia
482 1260 597 1303 atque
618 1253 739 1290 omnis
753 1253 970 1303 respublica
988 1254 1136 1290 senatui
1156 1255 1320 1304 populo-

171 1326 246 1364 que
268 1313 444 1351 Romano
477 1314 734 1364 permittatur.
787 1314 899 1351 Haec
919 1326 995 1364 quo
1014 1315 1165 1352 facilius
1185 1316 1318 1353 certis-

172 1386 247 1424 que
268 1374 548 1412 conditionibus
563 1375 670 1420 fiant,
686 1382 726 1412 et
735 1375 987 1424 jurejurando
1007 1376 1240 1421 sanciantur,
1253 1383 1321 1414 aut

169 1433 251 1484 ipse
270 1435 426 1485 propius
445 1435 619 1480 accedat,
647 1441 714 1472 aut
732 1447 773 1472 se
792 1435 959 1484 patiatur
977 1436 1188 1473 accedere:
1223 1437 1320 1483 fore,

174 1496 231 1533 uti
250 1509 318 1547 per
339 1496 532 1547 colloquia
550 1509 681 1533 omnes
701 1495 985 1533 controversiae
1005 1504 1297 1547 componantur.

229 1557 278 1594 X.
333 1557 519 1607 Acceptis
538 1556 738 1602 mandatis,
774 1556 936 1594 Roscius
966 1569 1053 1593 cum
1079 1557 1126 1594 L.
1156 1558 1321 1596 Caesare

176 1618 349 1669 Capuam
367 1617 556 1669 pervenit,
586 1617 714 1667 ibique
736 1617 912 1654 consules
940 1617 1244 1669 Pompeiumque
1263 1619 1322 1656 in-

174 1679 292 1716 venit.
337 1679 535 1716 Postulata
555 1678 728 1716 Caesaris
747 1677 961 1715 renunciat.
1015 1678 1090 1724 Illi,
1111 1679 1324 1718 deliberata

174 1753 230 1786 re,
257 1740 506 1791 respondent,
537 1739 755 1790 scriptaque
773 1738 823 1775 ad
849 1751 937 1775 eum
964 1739 1144 1777 mandata
1166 1753 1236 1790 per
1255 1754 1322 1778 eos

175 1801 392 1846 remittunt,
413 1813 574 1851 quorum
593 1800 689 1838 haec
709 1806 791 1837 erat
809 1812 977 1836 summa:
1007 1800 1149 1837 Caesar
1168 1800 1207 1837 in
1228 1800 1321 1838 Gal-

174 1861 264 1899 liam
283 1868 559 1906 reverteretur,
588 1861 765 1898 Arimino
795 1860 1020 1905 excederet,
1049 1860 1243 1897 exercitus
1268 1861 1325 1898 di-

175 1922 360 1960 mitteret.
401 1934 500 1973 quae
531 1922 562 1958 si
593 1921 761 1967 fecisset,
790 1921 1014 1971 Pompeium
1045 1921 1084 1957 in
1114 1921 1324 1971 Hispanias

172 1982 329 2020 iturum.
384 1982 551 2028 Interea,
585 1982 711 2032 quoad
742 1982 837 2020 fides
865 1989 964 2019 esset
984 1982 1086 2027 data,
1120 1982 1326 2020 Caesarem

176 2043 385 2089 facturum,
419 2055 516 2094 quae
543 2043 802 2094 polliceretur,
835 2056 911 2080 non
931 2042 1214 2080 intermissuros
1233 2056 1326 2080 con-

159 2104 280 2155 ‚sules
301 2104 606 2155 Pompeiumque
626 2104 802 2142 dilectus.

230 2164 301 2201 XI.
355 2164 450 2201 Erat
481 2165 612 2215 iniqua
643 2164 826 2211 conditio,
865 2164 1072 2215 postulare,
1109 2170 1152 2201 ut
1185 2164 1328 2202 Caesar

179 2224 357 2263 Arimino
385 2226 608 2272 excederet,
638 2233 753 2276 atque
780 2225 818 2261 in
846 2225 1082 2275 provinciam
1115 2232 1326 2264 revertere-

175 2293 239 2323 tur
255 2301 265 2329 3
293 2286 418 2337 ipsum
438 2294 478 2324 et
497 2286 714 2337 provincias
733 2294 772 2324 et
803 2286 977 2336 legiones
996 2286 1138 2323 alienas
1166 2295 1301 2323 tenere
1314 2300 1326 2323 ι

175 2347 394 2386 exercitum
426 2347 603 2386 Caesaris
632 2346 729 2386 velle
763 2346 927 2392 dimitti;
963 2345 1129 2385 dilectus
1157 2345 1326 2385 habere:
