1556 2683
513 215 677 253 LIBER
731 215 821 253 VII.
1164 221 1236 257 159

93 319 201 366 bant,
233 319 282 357 ad
301 320 503 358 Caesarem
533 319 808 369 perduxerunt,
840 330 1000 368 seseque
1025 319 1060 355 ei
1079 319 1237 356 dedide-

98 389 200 419 runt.
253 381 400 422 Quibus
413 381 526 418 rebus
540 379 738 424 confectis,
756 380 897 417 Caesar
912 380 960 416 ad
978 380 1161 430 oppidum
1183 382 1238 416 A-

99 442 283 487 varicum,
303 442 403 491 quod
424 448 507 478 erat
525 441 733 477 maximum
749 439 1116 490 munitissimumque
1137 441 1174 477 in
1194 442 1238 476 fi-

96 501 208 538 nibus
224 500 454 551 Biturigum,
474 510 588 551 atque
609 501 689 550 agri
708 499 938 537 fertilissima
958 501 1128 551 regione,
1149 515 1236 551 pro-

96 561 223 599 fectus
242 568 324 604 est;
351 561 468 611 quod,
488 573 533 598 eo
553 560 695 610 oppido
715 568 885 611 recept0,
918 561 1110 598 civitatem
1131 561 1239 598 Bitu-

99 622 223 671 rigum
239 634 279 659 se
297 621 336 658 in
355 628 586 671 potestatem
607 621 848 658 redacturum
869 620 1100 658 confidebat.

146 682 253 719 le.
318 681 630 731 Vercingetorix,
673 687 731 718 tot
764 680 953 719 continuis
985 681 1239 719 incommodis

97 742 395 787 Vellaunoduni,
427 742 592 786 Genabi,
614 741 845 787 Novioduni,
873 741 1057 791 acceptis,
1086 754 1174 779 suos
1193 742 1242 779 ad

95 803 300 841 concilium
316 810 516 840 convocat.
546 802 673 840 Docet
689 803 801 852 longe
815 802 888 839 alia
900 802 1047 839 ratione
1062 815 1143 840 esse
1158 803 1242 840 bel-

97 864 173 901 lum
194 863 420 914 gerendum,
439 871 554 914 atque
573 870 687 900 antea
704 863 752 900 sit
771 871 920 913 gestum
938 877 947 899 :
966 864 1141 901 omnibus
1161 877 1242 901 mo-

97 925 155 963 dis
173 925 263 962 huic
283 925 336 961 rei
356 925 600 970 studendum,
629 931 671 961 ut
699 925 943 975 pabulatione
963 932 1002 962 et
1023 934 1243 963 commeatu

100 985 264 1023 Romani
287 985 573 1036 prohibeantur.
601 985 639 1022 id
667 997 750 1022 esse
778 984 905 1030 facile,
939 985 1042 1035 quod
1069 986 1245 1036 equitatu

98 1046 170 1098 ipsi
185 1046 396 1092 abundent,
416 1053 455 1083 et
475 1046 578 1096 quod
592 1046 680 1082 anni
696 1054 869 1096 tempore
889 1046 1158 1084 subleventur:
1177 1060 1244 1098 pa·

99 1105 230 1144 bulum
250 1106 371 1143 secari
392 1119 468 1143 non
500 1119 633 1156 posse:
662 1106 877 1143 necessario
905 1106 1095 1156 dispersos
1114 1107 1244 1146 hostes

99 1181 149 1206 ex
169 1168 351 1207 aedificiis
371 1175 527 1218 petere:
556 1167 626 1205 hos
646 1179 777 1204 omnes
797 1167 967 1217 quotidie
987 1168 1034 1204 ab
1055 1168 1247 1218 equitibus

99 1229 218 1268 deleri
243 1242 367 1280 posse.
421 1228 639 1274 Praeterea,
660 1228 792 1266 salutis
811 1240 958 1275 caussa,
979 1229 1034 1265 rei
1052 1228 1248 1267 familiaris

102 1291 303 1328 commoda
332 1290 588 1341 negligenda3
616 1290 721 1327 vicos
748 1297 864 1339 atque
892 1289 1067 1327 aedificia
1094 1290 1249 1328 incendi

101 1358 280 1402 oportere
299 1351 373 1388 hoc
393 1351 517 1401 spatio
537 1364 558 1388 a
578 1351 674 1388 Boia
691 1363 847 1401 quoquo
867 1363 1011 1395 versus,
1031 1364 1106 1401 quo
1125 1353 1245 1401 pabu-

101 1411 204 1449 landi
224 1424 358 1449 caussa
378 1412 482 1449 adire
502 1424 613 1462 posse
634 1411 849 1449 videantur.
904 1411 1055 1448 Harum
1083 1411 1172 1462 ipsis
1192 1425 1252 1449 re-

101 1486 186 1510 rum
205 1472 355 1523 copiam
384 1480 604 1523 suppetere,
634 1472 750 1524 quod,
770 1485 932 1523 quorum
951 1472 989 1509 in
1008 1472 1146 1509 finibus
1165 1473 1247 1510 bel-

101 1534 180 1572 lum
196 1541 363 1585 geratur,
385 1547 517 1571 eorum
533 1533 667 1584 opibus
686 1533 951 1570 subleventur:
973 1533 1166 1570 Romanos
1183 1541 1250 1571 aut

103 1595 269 1646 inopiam
288 1607 365 1631 non
384 1594 541 1640 laturos,
562 1601 628 1631 aut
642 1606 781 1643 magno
802 1607 889 1630 cum
909 1594 1080 1645 periculo
1099 1594 1251 1645 longius

104 1657 150 1694 ab
171 1655 305 1694 castris
326 1667 616 1705 progressuros:
645 1667 770 1705 neque
798 1655 995 1700 interesse,
1024 1654 1176 1705 ipsosne
1195 1655 1253 1691 in-

104 1716 310 1761 terficiant,
329 1715 660 1767 impedimentisne
677 1723 836 1761 exuant,
856 1715 994 1766 quibus
1009 1715 1156 1752 amissis
1170 1716 1252 1753 bel-

104 1778 184 1815 lum
203 1776 285 1827 geri
304 1789 380 1813 non
401 1775 532 1826 possit.
570 1776 790 1821 Praeterea,
810 1776 950 1826 oppida
968 1776 1123 1814 incendi
1142 1789 1255 1826 opor-

108 1847 204 1884 tere,
225 1849 322 1888 quae
342 1850 419 1873 non
436 1837 661 1882 munitione,
681 1843 719 1874 et
734 1837 808 1874 loci
824 1845 974 1883 natura,
994 1837 1041 1874 ab
1056 1837 1159 1874 omni
1178 1837 1255 1875 sint

107 1898 279 1951 periculo
300 1904 404 1935 tuta:
431 1911 506 1935 neu
525 1897 602 1935 suis
616 1898 693 1934 sint
707 1897 755 1934 ad
771 1898 1061 1935 detractandam
1081 1898 1254 1935 militiam

107 1959 367 2010 receptacula,
395 1972 472 1996 neu
491 1958 675 1996 Romanis
702 1958 896 2009 proposita
915 1959 964 1995 ad
982 1959 1130 2009 copiam
1151 1972 1256 1996 com-

106 2028 256 2059 meatus
281 2020 538 2070 praedamque
567 2020 789 2056 tollendam.
845 2019 957 2056 Haec
990 2020 1020 2056 si
1039 2020 1169 2070 gravia
1189 2028 1256 2058 aut

108 2082 248 2120 acerba
267 2082 480 2127 videantur,
500 2081 620 2118 multo
635 2081 700 2118 illa
715 2081 866 2131 gravius
881 2081 1081 2119 aestimare
1101 2082 1258 2128 debere,

109 2143 265 2188 liberm,
298 2144 484 2191 conjuges
503 2142 540 2178 in
570 2142 791 2180 servitutem
811 2142 993 2188 abstrahi,
1021 2142 1123 2193 ipsos
1142 2142 1259 2180 inter-

110 2202 196 2245 fici;
223 2215 320 2253 quae
339 2202 388 2239 sit
407 2215 566 2240 necesse
595 2202 772 2240 accidere
800 2202 926 2240 victis.

161 2262 248 2301 XV·
293 2263 474 2301 Omnium
490 2276 679 2302 consensu
690 2263 764 2301 hac
779 2263 970 2301 sententia
990 2264 1162 2315 probata,
1179 2277 1256 2302 uno
