1556 2683
585 286 750 324 LIBER
804 286 914 324 VIII.
1242 291 1317 329 229

172 392 222 428 ris
240 401 266 427 x
285 390 554 436 tabulatorum,
574 403 651 427 non
667 390 835 441 quidem,
855 403 954 441 quae
973 391 1174 428 moenibus
1200 391 1316 429 adae-

172 459 321 503 quaret,
359 451 419 503 (id
446 451 546 489 enim
574 452 687 488 nullis
715 452 893 502 operibus
923 451 1020 489 effici
1040 453 1211 503 poterat)
1245 453 1315 490 sed

170 525 268 565 quae
295 520 493 564 superaret
519 513 637 550 fontis
663 513 867 563 fastigium.
923 512 983 550 Ex
1016 526 1063 550 ea
1096 527 1213 564 quum
1239 515 1319 552 tela

169 574 371 612 tormentis
386 576 610 624 jacerentur
636 575 686 612 ad
705 574 819 612 fontis
847 574 985 620 adium,
1014 587 1086 612 nec
1105 575 1188 613 sine
1214 576 1316 625 peri·

169 636 258 673 culo
287 643 442 686 possent
461 634 644 686 adaquari
673 635 854 686 oppidani
872 651 880 678 ;
908 647 983 671 non
1004 642 1152 673 tantum
1173 648 1315 685 pecora

168 704 284 747 atque
299 699 487 747 jumenta,
514 696 582 733 sed
602 696 716 733 etiam
736 709 874 746 magna
890 696 1087 734 hominum
1108 696 1316 734 multi-tudo

169 757 230 796 siti
247 757 556 795 consumebatur.

202 817 349 855 fXLll.
404 819 492 860 Quo
511 817 610 854 malo
631 817 838 868 perterriti,
859 818 1040 868 oppidani
1061 830 1178 869 cupas
1207 830 1314 864 sevo,

169 878 270 929 pice,
291 878 486 924 scindulis,
507 879 726 928 complent:
755 891 819 916 eas
838 879 1017 917 ardentes
1034 879 1071 916 in
1092 891 1208 929 opera
1226 890 1313 930 per-

171 938 342 976 volvunt.
397 937 545 976 Eodem
575 945 749 990 tempore
778 940 963 977 acerrime
991 940 1242 990 proeliantur,
1272 947 1316 978 ut

166 1000 218 1037 ab
236 1000 417 1038 incendio
436 1001 710 1051 restinguendo
731 1001 977 1038 dimicatione
998 1009 1036 1038 et
1056 1001 1227 1051 periculo
1243 1001 1309 1038 de-

166 1067 337 1098 terreant
358 1061 566 1099 Romanos.
620 1061 769 1111 Magna
788 1069 947 1112 repente
967 1062 1004 1098 in
1025 1062 1115 1112 ipsis
1131 1062 1314 1112 operibus

164 1121 319 1159 flamma
347 1122 520 1160 exstitit:
553 1134 804 1173 quaecunque
825 1123 926 1159 enim
958 1134 1026 1173 per
1045 1123 1172 1160 locum
1203 1135 1312 1172 prae-

165 1182 322 1233 cipitem
350 1183 464 1220 missa
483 1190 606 1228 erant,
636 1195 695 1228 ea,
727 1182 847 1220 vineis
867 1189 905 1219 et
924 1195 1067 1233 aggere
1094 1195 1310 1233 suppressa,

164 1243 546 1294 comprehendebant
564 1243 603 1280 id
618 1243 757 1293 ipsum,
777 1243 880 1293 quod
894 1243 1125 1279 morabatur.
1168 1243 1314 1281 Milites

164 1311 300 1342 contra
314 1303 449 1350 nostri,
469 1316 686 1354 quanquam
705 1303 924 1354 periculoso
938 1315 1080 1353 genere
1100 1304 1236 1353 proclii
1256 1303 1310 1340 lo·

163 1375 287 1415 coque
317 1364 448 1414 iniquo
467 1364 753 1414 premebantur,
773 1371 904 1401 tamen
923 1364 1051 1401 omnia
1068 1364 1308 1414 paratissimo

163 1426 405 1463 sustinebant
436 1425 576 1462 animo.
610 1425 688 1462 Res
717 1425 818 1463 enim
851 1425 1058 1474 gerebatur
1086 1433 1125 1463 et
1154 1426 1310 1463 excelso

165 1489 268 1534 loco,
297 1495 335 1525 et
365 1487 403 1523 in
431 1494 643 1537 conspectu
675 1486 870 1524 exercitus
900 1486 1042 1530 nostri;
1071 1498 1312 1537 magnusque

163 1550 346 1600 utrinque
362 1549 506 1586 clamor
525 1547 731 1585 oriebatur.
761 1547 813 1585 ita
833 1560 946 1598 quam
967 1548 1128 1598 quisque
1156 1555 1311 1598 poterat

161 1610 329 1648 maxime
356 1609 530 1659 insignis,
560 1620 636 1659 quo
656 1608 783 1645 notior
803 1609 1053 1659 testatiorque
1085 1609 1206 1647 virtus
1224 1611 1309 1660 ejus

161 1678 276 1717 esset,
296 1670 382 1708 telis
401 1670 570 1707 hostium
589 1669 845 1721 flammaeque
864 1682 905 1707 se
925 1670 1149 1708 offerebant.

214 1732 363 1770 XLIII.
419 1732 575 1776 Caesar,
604 1743 720 1782 quum
754 1731 971 1782 complures
998 1744 1087 1769 suos
1116 1732 1308 1770 vulnerari

161 1794 323 1839 videret,
344 1805 393 1830 ex
407 1792 583 1830 omnibus
602 1792 734 1842 oppidi
753 1792 925 1843 partibus
940 1793 1122 1830 cohortes
1137 1801 1309 1830 montem

170 1854 422 1899 adscendere,
443 1860 495 1899 et,
515 1852 756 1891 simulatione
770 1852 961 1890 moenium
979 1854 1308 1905 occupandorum,

162 1918 367 1954 clamorem
400 1915 569 1965 undique
592 1915 706 1964 jubet
725 1914 873 1952 tollere.
929 1916 1016 1957 Quo
1036 1915 1139 1953 facto
1159 1924 1308 1966 perter-

161 1978 238 2024 riti,
267 1976 462 2028 oppidani,
491 1987 623 2027 quum,
652 1975 744 2026 quid
763 1983 943 2026 ageretur
962 1977 1001 2013 in
1021 1975 1116 2014 locis
1137 1977 1307 2027 reliquis,

108 2076 114 2080 s
160 2046 290 2078 essent
307 2037 444 2089 ignari,
464 2037 638 2088 suspensi
657 2045 841 2075 revocant
859 2038 907 2075 ab
926 2037 1196 2088 impugnandis
1215 2051 1308 2088 ope-

162 2101 266 2138 ribus
285 2108 465 2145 armatos‚
488 2099 680 2149 murisque
710 2097 933 2149 disponunt.
987 2099 1048 2136 Ita
1068 2100 1200 2145 nostri,
1232 2100 1309 2137 fine

160 2162 296 2214 proelii
332 2161 452 2207 facto,
492 2160 670 2198 celeriter
707 2173 824 2211 opera
851 2160 1004 2198 flamma
1031 2161 1310 2212 comprehensa

161 2220 298 2270 partim
318 2221 577 2271 restinguunt,
590 2220 727 2271 partim
743 2221 1038 2260 interscindunt.
1079 2223 1206 2264 Quum
1222 2234 1308 2273 per-

161 2281 339 2319 tinaciter
368 2283 591 2320 resisterent
618 2283 813 2334 oppidani,
847 2291 899 2330 et,
925 2285 1005 2333 jam
1034 2296 1172 2334 magna
1200 2290 1309 2334 parte

160 2355 315 2381 suorum
334 2343 396 2383 siti
412 2343 562 2391 amissa,
583 2343 621 2381 in
636 2344 828 2384 sententia
846 2351 1131 2396 permanerent3
1154 2345 1202 2383 ad
1221 2357 1308 2395 pos,
