1556 2683
673 316 837 356 LIBER
891 316 922 354 Ι.
1295 320 1369 357 253

228 421 333 471 pacis
352 421 595 458 dimittendas
615 434 689 458 non
717 421 968 458 existimaret.
999 432 1058 466 ac,
1091 419 1240 457 tametsi
1267 432 1372 469 mag-

227 493 372 531 nopere
402 482 674 526 admirabatur,
704 481 892 531 Magium,
921 492 1033 530 quem
1062 479 1110 516 ad
1142 479 1367 524 Pompeium

227 554 316 577 cum
346 542 532 578 mandatis
561 542 727 586 miserat,
755 541 804 578 ad
823 553 863 577 se
894 553 968 576 non
1002 538 1157 583 remitti,
1183 547 1298 588 atque
1329 549 1375 575 ea

227 614 287 637 res
306 614 419 651 saepe
438 609 585 639 tentata
604 602 676 638 etsi
695 602 860 651 impetus
879 602 960 650 ejus
989 599 1221 649 consiliaque
1249 598 1375 635 tarda-

226 661 314 704 bat;
346 670 472 698 tamen
489 662 663 699 omnibus
684 663 796 699 rebus
809 661 846 698 in
868 674 913 698 eo
928 659 1247 711 perseverandum
1264 665 1375 708 puta-

226 721 304 758 bat.
358 721 493 772 Itaque
515 722 716 759 Caninium
740 722 918 759 Rebilum
939 721 1122 770 legatum,
1151 719 1374 756 familiarem

225 782 560 832 necessariumque
582 782 771 820 Scribonii
788 781 959 826 Libonis,
981 781 1097 818 mittit
1116 780 1164 818 ad
1187 793 1274 816 eum
1295 778 1372 816 col-

225 843 342 893 loquii
364 855 509 880 caussa.
564 843 741 888 Mandat,
772 850 811 881 ut
842 842 1030 879 Libonem
1057 842 1104 878 de
1133 840 1374 878 concilianda

224 916 321 953 pace
349 904 544 947 hortetur3
581 904 618 940 in
639 904 783 954 primis,
812 911 854 941 ut
881 903 961 953 ipse
982 916 1068 939 cum
1089 900 1274 951 Pompeio
1294 900 1372 938 col-

226 964 461 1014 loqueretur,
494 965 686 1014 postulat:
715 976 947 1015 magnopere
978 975 1061 1000 sese
1082 962 1276 1000 confidere
1309 961 1375 999 de-

228 1031 428 1070 monstrat,
448 1025 478 1061 si
498 1026 579 1074 ejus
598 1026 653 1062 rei
672 1025 720 1062 sit
739 1032 907 1075 potestas
928 1023 1043 1068 facta,
1070 1023 1165 1068 fore,
1186 1029 1227 1059 ut
1245 1022 1374 1072 aequis

224 1085 507 1122 conditionibus
523 1086 569 1123 ab
585 1086 698 1123 armis
714 1086 951 1129 discedatur;
984 1087 1092 1134 cujus
1122 1085 1176 1121 rei
1195 1096 1374 1134 magnam

223 1153 370 1196 partem
380 1146 501 1183 laudis
518 1154 634 1197 atque
647 1146 940 1184 existimationis
953 1145 1001 1182 ad
1011 1145 1198 1182 Libonem
1214 1157 1374 1195 perven-

225 1215 362 1252 turam,
393 1208 437 1253 si,
454 1207 516 1244 illo
532 1214 704 1253 auctore,
724 1215 840 1257 atque
870 1215 1023 1256 agente,
1043 1206 1090 1242 ab
1107 1206 1220 1243 armis
1235 1206 1283 1243 sit
1299 1206 1374 1242 dis-

225 1279 387 1303 cessum.
458 1266 571 1311 Libo,
600 1279 623 1303 a
659 1266 851 1317 colloquio
892 1265 1044 1303 Caninii
1082 1265 1289 1315 digressus,
1327 1266 1378 1303 ad

226 1325 452 1376 Pompeium
473 1327 740 1376 proficiscitur.
779 1326 912 1364 Paullo
926 1333 1012 1377 post
1028 1327 1242 1373 renunciat,
1273 1327 1376 1377 quod

218 1387 394 1425 consules
413 1387 553 1432 absint,
572 1388 654 1425 sine
670 1388 743 1425 illis
758 1388 806 1424 de
821 1387 1100 1438 compositione
1113 1387 1174 1436 agi
1190 1400 1266 1424 non
1287 1401 1374 1438 pos-

227 1461 280 1486 se.
313 1448 374 1486 Ita
392 1448 543 1498 saepius
559 1461 639 1486 rem
653 1448 795 1486 frustra
809 1455 995 1486 tentatam
1012 1448 1153 1485 Caesar
1168 1449 1376 1500 aliquando

225 1508 492 1546 dimittendam
513 1508 584 1546 sibi
599 1509 762 1558 judicat,
791 1517 831 1546 et
849 1509 898 1546 de
917 1507 1018 1546 bello
1038 1508 1244 1558 agendum.

275 1569 444 1607 XXVII.
509 1569 635 1620 Prope
668 1570 825 1607 dimidia
852 1576 962 1621 parte
990 1569 1116 1619 operis
1143 1582 1166 1606 a
1208 1570 1373 1607 Caesare

224 1630 375 1676 effecta,
396 1630 609 1681 diebusque
623 1630 661 1667 in
677 1643 723 1668 ea
739 1644 779 1668 re
792 1630 1002 1668 consumtis
1025 1644 1081 1676 ix,
1099 1643 1226 1676 naves,
1243 1644 1266 1668 a
1285 1644 1376 1669 con-

223 1691 368 1728 sulibus
402 1691 650 1742 Dyrrhachio
683 1691 877 1737 remissae,
906 1704 1004 1742 quae
1025 1691 1191 1742 priorem
1225 1700 1373 1743 partem

223 1751 420 1788 exercitus
440 1764 486 1788 eo
513 1751 825 1801 deportaverant,
854 1751 1100 1788 Brundisium
1119 1760 1374 1790 revertuntur.

226 1811 446 1861 Pompeius,
463 1811 540 1848 sive
555 1812 735 1862 operibus
752 1812 926 1850 Caesaris
942 1820 1153 1862 permotus,
1166 1813 1245 1850 sive
1260 1813 1376 1850 etiam

225 1871 330 1922 quod
349 1872 395 1908 ab
426 1871 534 1908 initio
555 1871 667 1908 Italia
692 1872 884 1910 excedere
912 1873 1179 1919 constituerat,
1207 1873 1377 1910 adventu

227 1933 380 1970 navium
400 1932 680 1982 profectionem
700 1945 835 1982 parare
856 1933 1015 1984 incipit;
1049 1941 1101 1979 et,
1131 1947 1207 1984 quo
1225 1934 1376 1972 facilius

226 1994 412 2044 impetum
446 1992 620 2031 Caesaris
640 1994 822 2040 tardaret,
852 2007 900 2031 ne
920 1995 990 2031 sub
1020 1994 1102 2044 ipsa
1132 1995 1374 2044 profectione

226 2054 365 2091 milites
396 2054 579 2104 oppidum
613 2053 884 2105 irrumperent,
913 2062 1043 2106 portas
1064 2055 1243 2102 obstruit,
1271 2056 1377 2094 vicos

227 2115 447 2166 plateasque
468 2114 702 2161 inaedificat‚
733 2116 851 2153 fossas
870 2123 1103 2154 transversas
1122 2116 1190 2152 viis
1210 2117 1375 2166 praedu-

227 2177 295 2222 cit,
316 2184 430 2227 atque
464 2176 514 2213 ibi
544 2177 672 2222 sudes,
701 2177 928 2228 stipitesque
955 2184 1196 2227 praeacutos,
1229 2177 1375 2228 defigit.

227 2237 340 2274 Haec
359 2237 506 2274 levibus
526 2237 695 2275 cratibus
715 2244 892 2288 terraque
921 2238 1126 2288 inaequat:
1163 2238 1290 2276 aditus
1309 2251 1377 2276 au-

230 2305 321 2342 tem,
356 2304 470 2347 atque
491 2297 628 2335 itinera
646 2299 737 2344 duo,
754 2311 852 2349 quae
872 2307 982 2336 extra
994 2312 1145 2336 murum
1164 2299 1212 2336 ad
1225 2307 1377 2350 portum

226 2357 416 2405 ferebant,
450 2358 626 2396 maximis
658 2358 796 2397 defixis
836 2359 1020 2405 trabibus,
1050 2366 1165 2410 atque
1194 2359 1239 2398 iis
1266 2372 1375 2411 prae-
