1556 2683
264 224 336 263 170
555 220 629 257 DE
661 219 839 257 BELLO
869 218 1114 256 GALLICO

263 325 455 375 proficisci
476 324 753 369 constituisset,
786 324 864 360 sive
885 336 971 360 eum
991 335 1040 359 ex
1060 320 1263 372 paludibus
1291 320 1411 357 silvis-

263 400 338 437 que
358 386 514 430 elicere,
535 385 612 422 sive
632 384 831 422 obsidione
848 396 1038 434 premere,
1058 390 1208 434 posset3
1229 382 1346 432 legati
1365 381 1416 418 ad

264 461 350 484 eum
373 447 566 498 principes
595 446 822 483 Aeduorum
841 445 1013 489 veniunt,
1041 452 1205 489 oratum,
1232 451 1274 481 ut
1294 443 1415 481 maxi-

263 521 325 545 me
346 507 562 545 necessario
578 514 751 557 tempore
771 505 916 544 civitati
936 506 1162 542 subveniat:
1191 517 1338 542 summo
1360 517 1419 541 es-

264 581 304 605 se
326 569 363 605 in
384 568 556 619 periculo
577 580 678 610 rem3
708 567 826 617 quod,
853 580 971 617 quum
998 567 1138 616 singuli
1168 566 1414 616 magistratus

265 629 474 680 antiquitus
495 628 630 675 creari,
651 637 766 678 atque
781 628 925 677 regiam
941 635 1173 677 potestatem
1190 640 1331 664 annum
1347 627 1413 663 ob-

265 691 402 736 tinere,
436 691 701 735 consuessent,
735 690 811 726 duo
841 689 1107 738 magistratum
1136 695 1285 738 gerant,
1319 695 1357 725 et
1377 700 1418 725 se

268 760 432 802 uterque
465 765 597 789 eorum
617 750 769 801 legibus
797 757 968 788 creatum
989 762 1072 787 esse
1091 749 1206 787 dicat.
1260 748 1414 786 Horum

267 825 351 851 esse
371 813 534 850 alterum
555 812 919 856 Convictolitanem,
939 810 1141 848 florentem
1162 818 1201 847 et
1229 809 1417 846 illustrem

266 874 572 917 adolescentem;
597 873 762 911 alterum
797 873 952 918 Cotum,
982 872 1245 922 antiquissima
1272 870 1417 908 familia

265 943 413 981 natum,
442 942 557 986 atque
578 935 701 985 ipsum
719 933 913 971 hominem
941 946 1112 971 summae
1139 933 1353 984 potentiae,
1381 939 1420 970 et

265 1009 431 1046 magnae
451 995 708 1046 cognationis,
729 996 839 1045 cujus
858 994 977 1031 frater
997 993 1219 1032 Valetiacus
1243 993 1421 1044 proximo

267 1071 368 1096 anno
384 1058 552 1096 eundem
571 1056 838 1108 magistratum
858 1055 1037 1106 gesserit:
1059 1054 1253 1094 civitatem
1270 1067 1423 1092 omnem

267 1133 352 1159 esse
371 1120 408 1156 in
424 1118 552 1164 armis,
584 1119 746 1156 divisum
766 1125 955 1163 senatum,
987 1116 1148 1154 divisum
1176 1117 1360 1167 populum
1381 1117 1420 1153 in

268 1195 353 1219 suas
373 1182 560 1231 cujusque
581 1192 714 1217 eorum
734 1178 944 1216 clientelas.
999 1178 1114 1220 Quod
1129 1178 1160 1215 si
1179 1177 1324 1215 diutius
1344 1178 1422 1215 ala-

268 1251 331 1280 tur
362 1242 638 1286 controversia,
672 1241 768 1285 fore,
800 1240 855 1277 uti
887 1252 974 1290 pars
995 1252 1083 1276 cum
1115 1246 1224 1290 parte
1257 1238 1424 1276 civitatis

269 1304 471 1354 confligat:
494 1304 532 1341 id
550 1316 599 1340 ne
619 1302 784 1348 accidat,
804 1301 971 1352 positum
991 1301 1028 1338 in
1043 1302 1127 1351 ejus
1146 1300 1348 1350 diligentia
1365 1307 1423 1337 at-

269 1379 345 1417 que
366 1365 611 1402 auctoritate.

322 1425 512 1462 XXXIII.
568 1425 725 1470 Caesar,
756 1424 827 1462 etsi
848 1438 870 1462 a
887 1424 990 1461 bello
1010 1430 1127 1474 atque
1155 1422 1266 1460 hoste
1299 1422 1423 1460 disce-

270 1488 363 1525 dere
382 1486 701 1525 detrimentosum
721 1498 804 1523 esse
826 1485 1084 1529 existimabat,
1105 1492 1248 1530 tamen,
1269 1496 1346 1521 non
1366 1483 1424 1534 ig-

268 1560 426 1594 noranS‚
464 1554 610 1598 quanta
638 1560 689 1585 ex
726 1546 1027 1585 dissensionibus
1059 1546 1304 1583 incommoda
1337 1545 1427 1583 oriri

270 1610 541 1652 consuessent3
563 1622 611 1646 ne
627 1615 734 1646 tanta
753 1616 881 1646 ettam
899 1609 1107 1657 conjuncta
1121 1606 1265 1658 populo
1282 1605 1426 1643 Rorna-

270 1685 322 1708 no
338 1671 486 1716 civitas,
502 1683 615 1722 quam
637 1671 717 1721 ipse
737 1682 888 1720 semper
907 1669 1078 1713 aluisset,
1099 1667 1352 1719 omnibusque
1368 1680 1429 1704 re-

269 1733 343 1769 bus
357 1731 545 1776 ornasset,
561 1730 609 1768 ad
623 1731 699 1768 vim
715 1738 831 1781 atque
845 1730 893 1767 ad
909 1742 1013 1767 arma
1027 1729 1296 1774 descenderet,
1313 1735 1428 1779 atquc

273 1806 319 1831 ea
337 1805 439 1843 ραι-3,
463 1805 563 1843 quae
582 1792 708 1830 minus
729 1791 800 1829 sibi
820 1791 1046 1837 confideret,
1065 1789 1209 1828 auxilia
1227 1802 1245 1828 a
1264 1789 1428 1827 Vercin-

273 1853 452 1904 getorige
466 1859 692 1898 arcesseret,
707 1852 798 1889 huic
818 1851 873 1890 rei
892 1851 1213 1902 praevertendum
1231 1850 1427 1888 existima·

271 1916 351 1952 vit:
389 1921 443 1960 et,
464 1914 582 1965 quod,
601 1914 752 1964 legibus
774 1914 1017 1959 Aeduorum,
1047 1913 1121 1958 his,
1153 1912 1217 1963 qui
1238 1925 1427 1949 summum

272 1977 542 2027 magistratum
563 1976 797 2021 obtinerent,
817 1974 1009 2013 excedere
1025 1987 1074 2012 ex
1090 1974 1229 2010 finibus
1244 1987 1321 2010 non
1338 1973 1430 2011 lice-

275 2045 349 2083 ret,
369 2050 418 2074 ne
438 2036 530 2087 quid
550 2036 598 2074 de
614 2038 702 2086 jure
722 2043 788 2073 aut
804 2036 851 2073 de
871 2035 1020 2085 legibus
1040 2047 1173 2072 eorum
1193 2034 1425 2071 deminuisse

272 2099 483 2144 videretur,
514 2098 595 2148 ipse
614 2098 653 2134 in
675 2097 834 2135 Aeduos
854 2095 1047 2147 proficisci
1067 2096 1214 2141 statuit,
1234 2102 1429 2133 senatum-

274 2172 350 2209 que
372 2172 539 2204 omncm,
570 2166 609 2195 et
630 2171 725 2209 quos
745 2158 846 2195 inter
875 2157 1138 2196 controversia
1155 2165 1272 2202 esset,
1306 2157 1354 2194 ad
1384 2170 1425 2194 se

236 2260 238 2265 .
270 2220 480 2258 Decetiam
514 2220 702 2257 evocavit.
756 2220 886 2261 Quum
912 2231 1033 2269 prope
1067 2218 1189 2256 omnis
1223 2218 1359 2256 civitas
1385 2231 1433 2256 eo

273 2281 532 2328 convenisset,
564 2270 863 2331 docereturque,
893 2279 1027 2331 paucis
1060 2279 1159 2317 clam
1191 2280 1431 2325 convocatis,
