1556 2683
260 219 307 254 58
564 215 639 252 DE
682 215 860 253 BELLO
900 215 1142 254 GALLICO

261 317 393 355 Nostri
412 317 547 368 primo,
568 318 725 369 integris
743 320 898 364 viribUS,
918 319 1069 356 fortiter
1084 332 1312 369 repugnare,
1331 333 1399 358 neo

257 393 331 429 quc
354 379 470 416 ullum
490 378 629 416 frustra
662 380 778 416 telum
811 393 860 417 ex
885 380 972 418 loco
1005 380 1201 430 superiore
1219 381 1397 418 mittere:

258 448 301 477 ut
316 453 490 490 quaeque
509 453 595 490 pars
609 448 820 477 castrorum
836 440 979 477 nudata
993 440 1258 479 defensoribus
1278 442 1401 492 premi

257 501 473 545 videbatur,
500 514 546 538 eo
566 514 785 547 occurrere,
817 508 855 538 et
884 501 1066 538 auxilium
1085 502 1210 539 ferre:
1239 503 1307 540 sed
1325 503 1400 540 hoc

258 562 442 613 superari,
479 562 581 612 quod
619 562 869 599 diuturnitate
905 574 1058 613 pugnae
1096 561 1225 599 hostes
1262 562 1400 600 defessi

258 623 403 674 proelio
423 623 679 668 excedebant,
705 623 767 659 alii
787 623 946 671 integris
966 623 1106 660 viribus
1125 623 1400 669 succedebant,

259 697 419 734 quarum
440 697 564 721 rerum
593 697 615 721 a
634 685 771 721 nostris
787 692 942 735 propter
961 685 1193 734 paucitatem
1209 684 1291 720 fieri
1307 684 1401 721 nihil

255 752 433 796 poterat;
461 758 507 783 ac
537 759 614 782 non
646 746 761 783 modo
782 746 933 783 defesso
954 758 1004 782 ex
1023 758 1151 796 pugna
1170 745 1400 790 excedendi,

256 807 326 843 sed
345 819 393 843 ne
412 806 542 844 saucio
563 806 716 857 quidem
737 808 818 856 ejus
837 806 926 851 loci,
947 806 1011 842 ubi
1028 806 1267 851 constiterat,
1286 806 1400 843 relin-

257 867 414 917 quendi,
434 880 478 905 ac
498 868 556 904 sui
575 867 799 918 recipiendi,
832 867 994 904 facultas
1014 867 1187 904 dabatur.

309 929 356 965 V.
411 930 538 970 Quum
554 931 632 978 jam
663 929 822 980 amplius
842 929 944 966 horis
965 940 1008 965 V1
1043 928 1286 965 continenter
1303 942 1401 979 pug-

258 997 426 1035 naretur,
443 1002 487 1027 ac
507 1004 583 1027 non
603 990 725 1027 solum
744 990 844 1027 vires
859 989 925 1027 sed
946 989 1061 1026 etiam
1081 989 1158 1026 tela
1177 989 1316 1026 nostris
1335 990 1400 1027 de-

257 1052 431 1096 ficerent,
468 1058 582 1102 atque
609 1052 738 1088 hostes
759 1051 883 1088 acrius
918 1051 1118 1095 instarent,
1154 1050 1401 1100 languidiori-

256 1113 404 1162 busque
424 1113 563 1149 nostris
582 1112 721 1149 vallum
749 1111 938 1157 scindere,
972 1120 1011 1148 et
1042 1111 1162 1148 fossas
1193 1111 1402 1161 complere,

258 1174 488 1224 coepissent,
516 1186 652 1223 resque
673 1181 773 1210 esset
788 1174 866 1222 jam
887 1172 935 1209 ad
968 1179 1183 1209 extremum
1214 1172 1403 1222 perducta

258 1247 406 1278 casum3
427 1234 469 1271 P.
492 1234 648 1271 Sextius
668 1234 850 1279 Baculus,
869 1233 1050 1283 primipili
1070 1233 1258 1279 centurio,
1288 1247 1403 1285 quem

259 1295 427 1333 Nervico
463 1296 610 1344 proelio
641 1296 900 1345 compluribus
933 1294 1151 1332 confectum
1183 1296 1402 1332 vulneribus

258 1357 439 1401 diximus,
460 1364 498 1393 et
518 1357 609 1393 item
630 1357 674 1394 C.
694 1356 925 1402 Volusenus,
956 1356 1130 1393 tribunus
1150 1355 1327 1401 militum,
1346 1356 1403 1393 vir

258 1426 296 1456 et
318 1418 466 1456 consilii
495 1418 625 1467 magni
657 1425 696 1455 et
714 1417 877 1463 virtutis,
910 1417 958 1454 ad
988 1416 1151 1454 Galbam
1182 1425 1402 1463 aecurrunt,

258 1486 373 1529 atque
394 1491 507 1516 unam
528 1492 610 1516 esse
641 1492 749 1529 spem
769 1478 900 1515 salutis
934 1478 1088 1523 docent,
1126 1478 1170 1523 si,
1201 1478 1402 1528 eruptione

256 1539 374 1585 facta,
387 1547 604 1577 extremum
620 1539 803 1577 auxilium
818 1540 1096 1590 experirentur.
1140 1538 1290 1589 Itaque,
1311 1552 1404 1577 con-

259 1600 404 1638 vocatis
422 1601 724 1646 centurionibus,
746 1600 923 1637 celeriter
937 1599 1077 1636 milites
1097 1600 1280 1637 certiores
1295 1599 1403 1648 facit,

258 1661 468 1712 paullisper
493 1661 792 1698 intermitterent
824 1661 1027 1711 proelium,
1060 1673 1106 1698 ac
1139 1662 1405 1699 tantummodo

260 1723 337 1759 tela
361 1722 476 1759 missa
508 1723 747 1773 exciperent,
784 1735 900 1773 seque
934 1735 983 1759 ex
1019 1722 1149 1759 labore
1178 1721 1404 1766 reficerent;

261 1791 361 1834 post,
397 1785 486 1822 dato
505 1784 629 1834 signo,
662 1797 711 1820 ex
739 1784 871 1821 castris
902 1789 1160 1833 erumperent,
1188 1789 1301 1833 atque
1322 1795 1402 1820 om-

262 1859 350 1883 nem
368 1858 475 1896 spem
496 1846 626 1882 salutis
646 1846 683 1881 in
703 1846 843 1882 virtute
870 1851 1071 1895 ponerent.

311 1907 380 1944 VI.
435 1908 550 1948 Quod
564 1907 658 1956 jussi
680 1914 781 1953 sunt,
800 1907 947 1944 faciunt
965 1922 973 1950 ;
1001 1919 1060 1952 ac,
1080 1906 1207 1943 subito
1227 1907 1404 1944 omnibus

263 1967 382 2018 portis
402 1966 604 2016 eruptione
623 1966 738 2011 facta,
771 1980 896 2017 neque
916 1966 1189 2016 cognoscendi,
1219 1967 1309 2017 quid
1337 1967 1404 2005 fie-

259 2036 332 2072 ret,
363 2040 490 2078 neque
523 2027 580 2065 sui
614 2028 835 2077 colligendi,
855 2028 1028 2065 hostibus
1047 2027 1270 2065 facultatem
1290 2028 1404 2065 relin-

260 2096 397 2139 quunt.
451 2088 511 2126 Ita
530 2096 765 2126 commutata
784 2088 952 2135 fortuna,
971 2102 1052 2134 eos,
1072 2088 1135 2139 qui
1151 2088 1188 2125 in
1209 2102 1315 2139 spem
1335 2103 1402 2139 po-

261 2150 482 2186 tiundorum
503 2157 714 2186 castrorum
735 2156 932 2194 venerant,
966 2149 1133 2199 undique
1167 2149 1404 2187 circumven-

260 2218 334 2255 tos,
351 2210 600 2256 interficiunt,
617 2218 669 2255 et,
683 2222 732 2247 ex
747 2210 944 2247 hominum
958 2209 1125 2247 millibus
1136 2209 1296 2260 amplius
1309 2221 1404 2256 XXX,

263 2283 378 2319 quem
397 2283 598 2309 numerum
618 2271 867 2310 barbarorum
883 2271 931 2309 ad
947 2277 1073 2310 castra
1087 2271 1234 2310 venisse
1250 2278 1403 2310 consta-
