1556 2683
240 296 286 332 16
538 292 613 329 DE
652 291 830 328 BELLO
867 291 1112 329 GALLICO

235 403 446 445 conspectu
477 395 633 432 remotis
661 394 782 444 equiS,
827 402 881 439 ut,
914 401 1079 444 aequato
1112 394 1281 431 omnium
1312 407 1379 444 pce

235 456 372 501 riculo,
391 468 496 506 spem
512 456 626 505 fugae
643 455 811 500 tolleret,
831 455 1056 492 cohortatus
1071 467 1172 500 SUOS,
1191 455 1380 505 proelium

235 516 437 554 commisit.
475 515 635 561 Milites,
655 515 777 552 eloco
796 515 991 565 superiore
1011 515 1095 566 pilis
1111 515 1247 561 missis,
1266 515 1380 553 facile

230 578 400 615 hostium
420 577 648 627 phalangem
665 576 944 626 perfregerunt.
982 589 1028 613 ca
1041 575 1216 625 disjecta,
1243 576 1380 626 gladiis

236 637 418 674 districtis
440 638 477 673 in
498 650 563 674 cos
582 637 768 686 impetum
788 638 977 674 fecerunt.
1031 636 1154 673 Gallis
1172 650 1313 686 magno
1334 637 1382 673 ad

233 711 402 749 pugnam
419 705 501 735 erat
520 697 808 747 impedimento,
825 697 941 747 quod,
961 696 1132 747 pluribus
1146 708 1278 732 eorum
1294 709 1379 733 scu-

235 759 283 796 tis
306 771 380 796 uno
401 759 480 795 ictu
499 758 662 808 pilorum
681 758 873 794 transfixis
892 764 930 794 et
950 756 1151 807 colligatis,
1171 769 1288 806 quum
1308 757 1382 793 fer-

234 833 319 856 rum
339 833 378 856 se
398 819 623 864 inflexisset,
644 831 769 868 neque
789 818 965 863 evellere,
985 830 1124 867 neque,
1144 816 1296 854 sinistra
1315 817 1382 853 im-

233 883 377 933 pedita,
411 883 501 919 satis
521 882 722 920 commode
741 894 927 932 pugnare,
960 888 1138 931 poterant
1156 895 1165 923 ;
1193 880 1303 916 multi
1324 889 1379 924 ut,

233 943 298 979 diu
313 945 461 991 Jactato
480 943 652 988 brachio,
673 949 945 992 praeoptarent
964 948 1116 978 scutum
1135 954 1251 977 manu
1270 941 1381 978 emit-

232 1013 329 1048 tere‚
362 1012 401 1041 et
432 1004 535 1041 nudo
569 1016 731 1053 corpore
751 1015 936 1053 pugnare.
991 1002 1180 1047 Tandem,
1214 1002 1380 1038 vulneri-

231 1066 303 1102 bus
323 1064 476 1110 defessi,
497 1071 536 1101 et
553 1063 694 1114 pedem
709 1064 866 1108 referre,
900 1070 952 1109 et,
973 1063 1077 1113 quod
1096 1076 1204 1100 mons
1223 1062 1380 1099 suberat

233 1125 387 1164 circiter
407 1137 438 1161 M
457 1137 651 1175 passuum,
679 1137 725 1161 eo
740 1137 780 1161 se
797 1124 984 1174 recipere,
1001 1130 1226 1174 coeperunt.
1257 1123 1381 1173 Capto

232 1194 378 1232 monte,
398 1194 437 1224 et
456 1185 753 1223 succedentibus
772 1185 925 1231 nostris,
960 1185 1045 1222 Boii
1064 1192 1103 1221 et
1123 1184 1292 1234 Tulingi,
1313 1184 1381 1234 qui

232 1248 430 1285 hominum
450 1247 617 1284 millibus
637 1247 792 1284 circiter
811 1259 867 1283 xv
886 1258 1026 1296 agmen
1041 1245 1207 1282 hostium
1225 1245 1381 1282 claude-

231 1310 338 1354 bant,
364 1316 403 1346 et
434 1307 649 1346 novissimis
681 1307 871 1358 pracsidio
904 1314 1027 1353 erant,
1058 1320 1107 1344 ex
1138 1306 1274 1344 itinere
1294 1319 1379 1344 nos-

229 1379 310 1407 tros
329 1370 449 1407 latere
475 1377 609 1420 aperto
628 1368 811 1419 aggressi,
839 1368 1151 1406 circumvenere:
1171 1375 1210 1405 et
1230 1368 1269 1405 id
1289 1381 1380 1406 con-

229 1430 366 1480 spicati
386 1430 573 1476 Helvetii,
593 1430 659 1480 qui
678 1430 716 1466 in
743 1437 914 1466 montem
929 1441 1012 1465 sese
1031 1436 1272 1479 receperant,
1298 1441 1381 1466 rur-

231 1504 295 1528 sus
314 1492 470 1537 instare,
486 1499 524 1528 et
540 1491 729 1542 proelium
745 1490 1022 1540 redintegrare,
1038 1498 1263 1540 coeperunt.
1301 1490 1379 1528 Ito-

231 1553 334 1590 mani
354 1566 540 1591 conversa
570 1553 680 1603 signa
709 1551 892 1603 bipartito
924 1551 1157 1589 intulerunt:
1187 1551 1310 1601 prima
1340 1561 1380 1590 et

232 1614 403 1651 secunda
418 1614 534 1660 acies,
555 1622 596 1650 ut
616 1613 726 1651 victis
747 1626 792 1650 ac
812 1612 996 1651 submotis
1015 1613 1233 1658 resisteret3
1253 1614 1379 1660 terfia,

231 1680 273 1709 ut
291 1673 490 1710 venientes
510 1673 722 1723 exciperet.

280 1733 427 1770 XXVI.
464 1734 538 1779 Ita,
552 1734 710 1784 ancipiti
729 1735 891 1785 proelio,
904 1734 970 1771 ‹liu
987 1742 1102 1785 atque
1122 1734 1261 1772 acriter
1276 1748 1374 1786 pug-

229 1802 361 1831 natum
382 1802 452 1832 est.
508 1795 666 1832 Diutius
685 1809 802 1845 quum
823 1804 1039 1832 nostrorum
1072 1795 1236 1845 impetus
1267 1796 1380 1833 susti-

228 1868 321 1893 nere
342 1869 419 1893 non
439 1862 620 1906 possent3
647 1855 756 1893 alteri
775 1869 829 1902 se,
850 1864 892 1893 ut
912 1863 1133 1907 coeperant,
1152 1856 1191 1892 in
1210 1864 1380 1894 montem

228 1924 476 1966 receperunt,
507 1916 616 1953 alteri
647 1917 696 1954 ad
728 1917 1003 1967 impedimenta
1026 1925 1065 1954 et
1085 1930 1213 1954 carros
1232 1930 1320 1955 suos
1339 1931 1380 1956 se

227 1977 478 2014 contulerunt
494 1990 502 2013 :
537 1990 624 2014 nam
644 1977 719 2015 hoc
749 1984 833 2015 toto
865 1978 1027 2028 proelio,
1058 1991 1173 2028 quum
1207 1979 1255 2015 ab
1286 1979 1382 2017 hora

227 2037 391 2087 septima
410 2038 458 2075 ad
477 2051 676 2088 vesperam
696 2046 908 2088 pugnatum
929 2039 990 2084 sit,
1022 2052 1195 2076 aversum
1228 2040 1377 2077 hostem

225 2098 356 2135 videre
376 2111 487 2136 nemo
513 2099 653 2149 potuit.
709 2100 773 2135 Ad
805 2099 965 2136 multam
997 2107 1151 2137 noctem
1182 2100 1297 2137 etiam
1327 2102 1376 2138 ad

226 2158 499 2208 impedimenta
518 2167 730 2210 pugnatum
751 2167 822 2206 est,
842 2169 1047 2211 propterea
1062 2161 1165 2211 quod
1184 2174 1254 2209 pro
1274 2162 1373 2199 vallo

227 2231 355 2256 carros
376 2221 614 2269 objecerant,
635 2227 672 2256 et
693 2220 814 2258 eloco
829 2222 1026 2271 superiore
1041 2221 1078 2257 in
1099 2229 1250 2260 nostros
1269 2223 1375 2260 veni—

225 2288 332 2317 entes
352 2281 428 2318 tela
449 2281 722 2331 conjiciebant,
752 2289 791 2319 et
820 2283 1007 2328 nonnulli,
1041 2282 1141 2320 inter
1166 2294 1296 2320 carros
1316 2296 1376 2320 ro-

224 2348 372 2390 tasque,
393 2348 555 2380 mataras
588 2355 632 2380 ac
653 2343 822 2394 tragulas
848 2343 1117 2393 subjiciebant,
1147 2352 1374 2396 nostrosque
