1556 2683
513 231 679 270 LIBER
732 232 800 270 VI.
1163 239 1234 275 135

92 334 299 372 leratorum
317 334 507 372 habentur
526 350 536 379 ;
567 335 611 372 iis
631 347 762 373 omnes
781 335 988 382 decedunt,
1008 336 1152 374 aditum
1168 351 1233 375 eo-

94 408 177 432 rum
197 407 488 446 sermonemque
507 395 723 446 defugiunt,
759 407 806 433 ne
827 396 918 446 quid
936 409 985 433 ex
1007 398 1236 448 contagione

91 455 324 493 incommodi
342 456 561 507 accipiant:
593 470 717 508 neque
750 457 794 494 iis
826 458 1044 508 petentibus
1065 460 1128 507 jus
1148 459 1233 496 red-

91 516 206 562 ditur,
225 529 351 566 ncque
366 517 488 554 honos
503 518 600 555 ullus
621 518 936 556 communicatur.
999 518 1070 556 His
1102 528 1232 556 autem

94 577 269 614 omnibus
289 577 501 615 Druidibus
520 586 672 628 praeest
700 591 811 625 unus,
847 578 912 629 qui
931 590 1116 616 summam
1136 580 1236 617 inter

92 649 157 674 cos
177 637 293 675 habet
311 639 591 676 auctoritatem.
647 639 735 676 Hoc
760 646 926 685 mortuo,
958 638 988 675 si
1014 639 1079 689 qui
1104 653 1153 677 ex
1172 653 1232 677 re-

90 697 202 748 liquis
220 697 378 736 excellit
406 698 608 748 dignitate,
640 699 838 736 succedit:
866 707 920 745 at,
948 699 979 736 si
999 707 1087 736 sunt
1105 700 1235 750 plures

92 771 216 809 pares,
236 758 415 809 suffragio
442 760 634 797 Druidum
653 760 869 811 adlegitur:
902 774 1175 812 nonnunquam
1196 776 1235 799 e-

92 818 184 856 tiam
202 819 317 857 armis
335 819 384 856 de
403 820 622 870 principatu
642 821 894 858 contendunt.
948 820 1003 856 Hi
1022 829 1130 859 certo
1145 822 1234 859 anni
1256 864 1261 870 ,

91 886 264 930 tempore
283 880 323 917 in
344 881 480 918 finibus
499 881 725 927 Carnutum,
744 894 854 932 quae
874 881 979 931 regio
1005 882 1123 919 totius
1142 882 1235 920 Gal-

90 941 165 979 liae
198 941 326 979 media
355 942 531 988 habetur,
563 943 781 987 considunt,
812 942 850 978 in
880 942 965 979 loco
999 950 1237 982 consecrato.

93 1002 186 1041 Huc
206 1016 337 1041 omnes
357 1004 540 1054 undique,
560 1003 626 1054 qui
645 1002 923 1041 controversias
955 1002 1112 1049 habent,
1146 1016 1238 1041 con-

93 1064 266 1110 veniunt,
286 1076 497 1115 eorumque
517 1064 681 1102 decretis
694 1063 926 1113 judiciisque
945 1072 1092 1113 parcnt.
1147 1064 1236 1102 Dis-

93 1125 236 1176 ciplina
250 1125 288 1162 in
310 1125 506 1163 Britannia
527 1132 692 1175 reperta,
729 1131 845 1174 atque
878 1124 968 1161 inde
1001 1124 1039 1160 in
1072 1125 1237 1162 Galliam

91 1186 276 1224 translata
295 1199 391 1232 esse,
425 1177 692 1224 existimatur:
723 1193 763 1222 et
781 1198 897 1231 nunc,
931 1185 996 1236 qui
1015 1185 1236 1235 diligentius

93 1259 177 1284 eam
210 1259 291 1284 rem
312 1260 546 1298 cognoscere
566 1248 714 1293 volunt,
733 1247 958 1298 plerumque
978 1245 1042 1283 illo
1062 1245 1235 1284 discendi

93 1320 228 1345 caussa
245 1308 554 1359 proficiscuntur.
756 1302 759 1305 ’
966 1304 971 1305 ⁷

146 1368 253 1406 XIV.
308 1369 477 1408 Druides
509 1383 532 1408 a
549 1370 653 1408 bello
669 1370 803 1408 abesse
833 1369 1081 1415 consuerunt,
1112 1381 1238 1419 neque

92 1429 237 1467 tributa
257 1442 335 1468 una
365 1443 451 1468 cum
470 1431 627 1482 reliquis
656 1430 858 1481 pendunt3
887 1429 1042 1467 militiae
1073 1431 1239 1468 vacatio-

92 1503 198 1537 nem,
218 1491 463 1542 omniumque
484 1505 611 1529 rerum
630 1492 773 1529 habent
792 1491 1085 1528 immunitatem.
1138 1492 1240 1528 Tan-

91 1551 142 1590 tis
161 1552 321 1590 excitati
340 1553 532 1603 praemiis,
565 1559 603 1590 et
623 1565 692 1590 sua
711 1559 846 1602 sponte
865 1551 974 1588 multi
1001 1551 1038 1588 in
1073 1552 1240 1603 discipli-

93 1625 182 1650 nam
204 1613 454 1660 conveniunt‚
487 1621 527 1651 et
546 1627 567 1652 a
585 1614 806 1665 parentibus
824 1612 1126 1663 propinquisque
1153 1612 1238 1649 mit-

92 1680 239 1712 tuntur.
292 1674 481 1725 Magnum
497 1675 548 1713 ibi
567 1688 767 1712 numerum
782 1687 958 1711 versuum
980 1673 1152 1711 ediscere
1177 1673 1234 1710 di-

94 1743 248 1774 cuntur.
303 1736 440 1788 Itaque
471 1749 590 1774 annos
609 1736 782 1774 nonnulli
803 1735 958 1772 vicenos
977 1734 1015 1771 in
1040 1734 1241 1785 disciplina

93 1805 346 1848 permanent;
365 1810 490 1848 neque
504 1797 560 1835 fas
580 1811 663 1834 esse
682 1796 919 1842 existimant,
939 1808 984 1833 ea
998 1796 1117 1833 literis
1132 1809 1238 1833 man-

94 1858 200 1904 dare,
220 1871 338 1909 quum
351 1858 389 1895 in
408 1859 563 1910 reliquis
581 1859 662 1896 fere
682 1859 811 1904 rebus,
832 1856 995 1908 publicis
1011 1856 1243 1907 privatisque

95 1920 320 1966 rationibus,
335 1920 496 1958 Graecis
509 1927 664 1958 utantur
682 1919 815 1957 literis.
857 1919 904 1956 ld
916 1918 1008 1955 mihi
1028 1918 1173 1956 duabus
1193 1918 1243 1956 de

98 1981 240 2018 caussis
255 1981 463 2020 instituisse
482 1981 684 2024 videntur;
717 1981 834 2032 quod,
864 1993 990 2031 neque
1016 1980 1053 2016 in
1084 1979 1240 2029 vulgum

97 2041 338 2092 disciplinam
357 2043 481 2081 efferri
496 2043 629 2089 velint,
648 2055 773 2094 neque
790 2055 871 2088 eos,
891 2042 955 2092 qui
975 2041 1139 2086 discant,
1157 2040 1242 2078 lite-

97 2103 149 2141 ris
163 2105 342 2150 confisos,
354 2105 480 2142 minus
494 2104 700 2142 memoriae
715 2103 882 2141 studere.
902 2103 1005 2153 quod
1016 2101 1096 2139 fere
1109 2102 1242 2153 pleris-

97 2178 171 2216 que
189 2166 344 2211 accidit,
387 2173 443 2212 ut,
474 2164 663 2217 praesidio
692 2165 903 2209 literarum,
933 2163 1171 2213 diligentiam
1202 2162 1240 2200 in

100 2227 354 2278 perdiscendo
373 2240 419 2265 ac
447 2227 668 2264 memoriam
686 2225 898 2264 remittant.
951 2224 997 2261 In
1016 2224 1147 2275 primis
1166 2224 1242 2262 hoc

99 2288 233 2327 volunt
250 2289 494 2340 persuadere,
521 2301 599 2327 non
629 2287 786 2326 interire
805 2287 965 2332 animas,
1000 2285 1069 2324 sed
1093 2285 1141 2324 ab
1159 2285 1243 2324 aliis
