1556 2683
251 275 327 314 5216
532 274 607 312 DE
649 273 827 311 BELLO
867 270 1111 312 GALLICO

250 378 387 425 hostis,
418 385 533 428 atque
553 378 692 415 elicere
712 386 863 415 nostros
883 377 921 413 in
949 377 1076 414 locum
1097 383 1300 413 conaretur
1324 375 1394 413 ini-

252 453 383 489 quum,
403 440 546 477 tardius
565 439 752 489 procedit,
808 438 981 488 EquiteS‚
1015 451 1132 488 quum
1165 439 1304 475 intrare
1334 438 1395 475 fu-

251 513 355 536 mum
382 507 420 537 et
449 499 640 536 flammam
660 498 922 536 densissimam
950 498 1142 544 timerent,
1176 512 1236 544 ac,
1268 499 1297 535 si
1330 499 1395 549 qui

250 561 427 611 cupidius
460 561 705 605 intraverant,
738 560 802 597 vix
836 572 990 597 suorum
1013 559 1080 609 ipsi
1101 560 1247 609 priores
1266 569 1394 610 partes

248 622 494 659 adverterent
513 635 713 671 equorum,
741 621 894 657 insidias
913 620 1037 666 veriti,
1059 621 1215 657 liberam
1235 621 1394 659 faculta-

246 690 324 720 tem
345 683 401 720 sui
421 682 630 733 recipiendi
652 681 867 718 Bellovacis
887 681 1089 718 dederunt.
1141 682 1214 727 Ita,
1235 682 1326 729 suga
1345 681 1392 718 ti-

246 745 362 781 moris
381 744 491 781 simul
513 743 807 792 calliditatisque
833 742 961 792 plena,
992 742 1073 779 sine
1094 742 1168 778 ullo
1189 743 1396 779 detrimen-

245 812 285 842 to
319 805 436 842 millia
467 818 543 842 non
574 803 736 854 amplius
766 817 791 840 x
811 803 1017 853 progressi,
1055 803 1184 840 hostes
1203 804 1289 840 loco
1309 817 1392 840 mu-

244 866 430 903 nitissimo
451 873 576 903 castra
595 872 818 915 posuerunt.
874 864 983 909 Inde,
1011 877 1127 914 quum
1148 876 1261 914 saepe
1282 865 1318 900 in
1339 865 1394 900 in-

244 927 349 964 sidiis
381 927 530 977 equites
563 926 787 976 peditesque
821 925 1081 974 disponerent,
1109 938 1246 973 magua
1276 924 1394 962 detri-

244 996 374 1025 menta
394 988 577 1025 Romanis
598 988 635 1023 in
655 986 963 1037 pabulationibus
984 986 1210 1022 inferebant.

297 1048 428 1086 XVII.
483 1048 598 1090 Quod
613 1061 730 1098 quum
750 1047 921 1084 erebrius
941 1047 1148 1091 accideret,
1170 1060 1218 1082 ex
1241 1046 1391 1096 captivo

245 1109 411 1159 quodam
440 1109 628 1159 comperit
665 1110 819 1153 Caesar,
863 1106 1062 1152 Cori-eum,
1098 1107 1392 1144 Bellovacorum

241 1170 395 1216 ducem,
414 1168 704 1207 fortissimorum
722 1169 837 1206 millia
858 1179 900 1204 vl
922 1168 1093 1218 peditum
1115 1167 1317 1217 delegisse,
1350 1180 1391 1204 e-

241 1230 443 1281 quitesque
465 1244 513 1268 ex
533 1231 634 1268 omni
655 1243 814 1267 numero
836 1241 881 1274 M,
902 1242 997 1280 quos
1013 1228 1051 1265 in
1072 1228 1216 1265 insidiis
1237 1241 1282 1265 eo
1302 1228 1388 1265 loco

240 1291 466 1337 collocaret,
499 1304 611 1341 quem
633 1291 671 1327 in
691 1291 831 1333 locum,
851 1297 1009 1341 propter
1029 1290 1178 1340 copiam
1208 1289 1392 1326 frumenti

241 1365 286 1389 ac
306 1353 449 1402 pabuli,
471 1352 665 1392 Romanos
684 1352 906 1401 pabulatum
923 1351 1102 1387 missuros
1120 1351 1391 1401 suspicaretur.

242 1414 329 1454 Quo
349 1413 506 1463 cognito
544 1412 718 1457 consili-o,
750 1413 890 1450 Caesar
909 1412 1079 1462 legiones
1106 1412 1249 1462 plures,
1278 1424 1392 1461 quam

241 1474 404 1519 solebat,
425 1474 580 1517 educit;
609 1474 913 1524 equitatumque,
934 1485 1009 1523 qua
1028 1473 1307 1510 consuetudine
1326 1485 1394 1522 pa-

239 1535 480 1572 bulatoribus
512 1535 666 1572 mittere
699 1535 890 1585 praesidia
921 1535 1139 1579 consuerat,
1168 1533 1390 1584 praemittit..

240 1596 347 1634 Huic
362 1596 571 1647 interponit
584 1595 726 1633 auxilia
741 1595 833 1632 levis
845 1603 1078 1632 armaturae:
1099 1594 1178 1645 ipse
1195 1607 1281 1632 cum
1297 1595 1392 1645 legi-

240 1659 390 1703 onibus,
404 1671 517 1708 quam
536 1666 663 1708 potest
684 1657 863 1701 maxime,
883 1656 1166 1707 appropinquat

291 1720 441 1757 XVIII.
484 1719 626 1756 Hostes
641 1719 678 1756 in
695 1718 838 1756 insidiis
854 1717 1040 1768 dispositi,
1062 1730 1179 1767 quum
1193 1717 1264 1755 sibi
1279 1717 1386 1755 dele-

239 1781 384 1831 gissent
405 1794 581 1830 campum
603 1780 650 1817 ad
670 1794 748 1817 rem
769 1780 991 1830 gerendam,
1029 1792 1105 1816 non
1137 1778 1298 1828 amplius
1318 1792 1385 1829 pa-

239 1848 386 1879 tentem
408 1842 446 1878 in
467 1855 598 1878 omnes
617 1849 744 1891 partes
759 1841 931 1891 passibus
952 1852 998 1886 Μ,
1019 1840 1120 1878 silvis
1137 1839 1304 1890 undique
1320 1840 1389 1877 im-

238 1902 484 1954 peditissimis
504 1911 569 1940 aut
588 1903 770 1940 altissimo
789 1902 946 1939 flumine
964 1900 1166 1945 munitum,
1195 1901 1300 1938 velut
1332 1900 1390 1937 in-

240 1963 380 2014 dagine
399 1964 503 2001 hunc
520 1964 663 2001 insidiis
683 1964 1033 2001 circumdederunt.
1089 1962 1234 2008 Nostri,
1250 1963 1385 2013 explo-

239 2032 322 2062 rato
342 2025 508 2062 hostium
526 2024 699 2070 consilio,
716 2024 764 2061 ad
779 2024 1043 2074 proeliandum
1057 2023 1182 2060 animo
1196 2030 1313 2073 'atque
1329 2036 1389 2060 ar-

236 2086 308 2122 mis
329 2086 463 2135 parati,
484 2099 616 2136 quum,
647 2085 967 2135 subsequentibus
986 2084 1216 2134 legionibus,
1241 2083 1385 2122 nullam

238 2146 525 2184 dimicationem
545 2155 781 2192 recusarent,
803 2146 996 2183 turmatim
1014 2145 1050 2182 in
1067 2158 1154 2182 eum
1174 2145 1301 2182 locum
1321 2144 1387 2181 de-

237 2215 436 2244 venerunt.
494 2209 664 2249 Quorum
686 2207 853 2244 adventu
886 2221 1003 2258 quum
1035 2207 1106 2244 sibi
1134 2207 1301 2245 Correus
1320 2207 1388 2244 ob-

238 2268 353 2306 latam
375 2269 618 2307 occasionem
649 2269 703 2305 rei
723 2269 916 2319 gerendae
936 2269 1187 2315 existimaret,
1224 2268 1388 2319 primum

239 2341 328 2367 cum
346 2330 479 2380 paucis
498 2342 539 2368 se
559 2330 740 2375 ostendit,
761 2337 876 2380 atque
897 2331 934 2366 in
951 2330 1145 2380 proximas
1161 2337 1303 2367 turmas
1319 2329 1386 2366 irn-
