1556 2683
317 265 390 301 124
595 262 671 300 DE
713 262 892 300 BELLo
932 243 1176 301 G'ALLico

313 365 530 404 interficere
550 366 706 416 publico
727 367 885 403 consilio
905 366 1048 412 conati,
1067 378 1185 417 quum
1203 365 1463 416 illepraesen-

306 427 436 473 sisset,
470 440 514 464 ac
534 427 782 477 profugisset,
816 440 937 478 usque
957 427 1007 465 ad
1020 428 1120 464 ‘fin-es
1140 426 1320 472 insecuti,
1338 439 1464 477 regno

303 487 505 538 *domoque
537 489 793 538 expu-lerunt;
820 495 874 534 et,
894 488 1016 525 missis
1030 488 1084 525 >ad
1114 488 1317 526 Caesarem
1350 488 1461 525 satis-

312 548 479 586 faciendi
499 561 633 586 caussa
652 549 804 599 legatis,
834 563 952 600 quum
972 549 1002 586 is
1026 561 1180 586 omnem
1200 549 1247 585 ad
1273 561 1320 585 se
1352 561 1462 586 sena-

312 616 393 646 tum
425 609 553 646 venire
579 609 770 660 jussisset,
807 609 912 647 dicto
945 610 1146 647 audientes
1182 622 1260 646 non
1293 607 1463 646 fuerunt.

313 670 482 707 Tantum
501 671 605 721 apud
625 671 798 709 homines
817 672 1000 709 barbaros
1019 671 1152 717 valuit,
1182 683 1268 707 esse
1288 678 1463 720 repertos

308 732 461 783 aliquos
481 732 674 783 principes
693 732 782 770 belli
812 732 1016 779 inferendi,
1044 740 1267 782 tantamque
1287 733 1465 770 omnibus

304 794 552 831 >voluntatum
572 794 912 832 commutationem
943 794 1084 839 attulit,
1115 801 1171 839 ut,
1201 800 1356 844 praeter
1386 795 1465 832 Ae-

311 855 408 893 duos
428 862 468 892 et
485 855 646 900 Remos,
677 868 772 906 quos
791 855 1002 906 praecipuo
1021 868 1171 906 semper
1191 855 1339 892 honore
1368 856 1466 905 Cae-

302 929 373 953 ·sar
392 915 542 961 habuit,
563 916 702 953 alteros
716 929 792 966 ,pro
810 923 941 953 vetere
961 928 1007 953 ac
1026 923 1215 967 perpetua
1231 929 1325 966 erga
1343 930 1465 968 popu-

304 977 389 1014 ·lum
423 977 638 1014 Romanum
669 977 760 1022 fide,
793 977 933 1014 alteros
963 990 1032 1028 pro
1066 976 1289 1014 recentibus
1320 978 1464 1016 Gallici

304 1038 401 1076 belli
422 1038 567 1084 officiis,
590 1038 694 1076 nulla
708 1037 789 1076 fere
810 1038 944 1076 civitas
964 1037 1080 1076 fuerit
1100 1051 1176 1075 non
1193 1045 1378 1089 suspecta
1396 1052 1464 1077 no-

308 1100 379 1138 bis.
433 1100 556 1151 quue
572 1100 686 1146 adeo,
712 1099 815 1137 haud
833 1099 928 1146 scio,
948 1099 1229 1145 mirandumne¹
1246 1099 1308 1145 sit,
1347 1112 1465 1151 quum

303 1161 574 1213 compluribus
594 1161 677 1198 aliis
696 1162 744 1198 de
765 1161 922 1206 caussis,
943 1168 1023 1198 tum
1045 1160 1225 1206 maxime,
1257 1162 1374 1212 quod,
1400 1163 1466 1212 qui

303 1223 454 1261 virtute
470 1224 560 1261 belli
580 1223 757 1261 omnibus
769 1223 950 1273 gentibus
964 1222 1294 1273 praeferebantur,
1316 1230 1467 1261 tantu-m

308 1297 351 1322 se
373 1287 454 1334 ejus
475 1285 665 1335 opinionis
685 1284 963 1336 deperdidisse,
991 1290 1034 1321 ut
1067 1296 1090 1321 a
1120 1285 1264 1335 populo
1293 1284 1468 1322 Romano

303 1345 473 1395 ‘imperia
492 1345 721 1396 perferrent,
741 1346 963 1396 gravissime
983 1345 1179 1382 dolebant.

363 1407 448 1444 LV.
503 1407 652 1444 Treviri
670 1420 762 1444 vero
792 1415 908 1457 atque
929 1406 1222 1445 lnduciomarus
1248 1407 1367 1445 totius
1385 1407 1467 1444 hie-

304 1468 384 1506 mis
405 1468 549 1505 nullum
570 1475 722 1519 tempus
739 1468 1038 1513 intermiserunt,
1059 1467 1149 1518 quin
1163 1475 1268 1505 trans
1285 1468 1467 1506 Rhenum

310 1529 460 1580 legatos
480 1529 692 1575 mitterent,
714 1529 888 1567 civi-tates
904 1529 1167 1573 sollicitarent,
1181 1529 1364 1580 pecunias
1379 1530 1462 1581 pol-

311 1589 547 1633 licerentur3
575 1602 716 1640 magna
735 1597 843 1640 parte
874 1590 1069 1628 exercitus
1100 1591 1218 1628 nostri
1249 1591 1468 1638 interfecta,

306 1651 434 1688 multo
454 1651 640 1688 minorem
661 1663 862 1701 superesse
877 1651 1051 1689 dicerent
1070 1659 1229 1703 partem.
1258 1665 1384 1703 neque
1404 1660 1461 1690 ta-

304 1726 401 1750 men
422 1712 487 1749 ulli
522 1712 670 1750 civitati
691 1712 972 1750 Germanorum
993 1713 1216 1764 persuaderi
1248 1713 1389 1764 potuit,
1422 1719 1466 1750 ut

305 1774 492 1812 Rhenum
507 1773 707 1819 transiret,
728 1787 845 1824 quum
865 1786 905 1811 se
922 1774 980 1812 bis
1001 1782 1182 1825 expertos
1198 1775 1388 1820 dicerent,
1410 1776 1466 1812 A·

312 1835 459 1873 riovisti
478 1835 594 1880 bello,
626 1842 665 1872 et
698 1835 1033 1874 Tenchtherorum
1066 1837 1252 1876 transitu;
1281 1849 1358 1873 non
1385 1848 1469 1873 esse

308 1898 479 1948 amplius
499 1897 691 1934 fortunam
713 1897 950 1934 tentandam.
994 1897 1082 1935 Hac
1101 1910 1169 1948 spe
1185 1898 1326 1948 lapsus,
1348 1896 1465 1934 Indu-

315 1959 505 1996 ciomarus
524 1958 645 1995 nihilo
676 1958 801 1995 minus
820 1959 953 2008 copias
973 1972 1129 2009 cogere,
1164 1971 1364 2004 exercere,
1385 1971 1406 1995 a
1424 1958 1468 1996 fi-

314 2020 457 2057 nitimis
479 2033 597 2071 equos
617 2032 767 2070 parare,
802 2020 957 2058 exsules
979 2021 1256 2072 damnatosque
1276 2029 1356 2059 tota
1375 2020 1470 2058 Gal-

312 2081 364 2119 lia
383 2082 529 2125 maenis
558 2082 736 2133 praemiis
756 2083 804 2120 ad
823 2096 864 2120 se
884 2082 1052 2129 allicere,
1073 2084 1225 2134 coepit;
1253 2097 1299 2121 ac
1318 2090 1465 2121 tantam

310 2144 385 2180 sibi
397 2146 475 2193 jam
493 2143 536 2180 iis
554 2144 668 2181 rebus
685 2144 722 2180 in
741 2143 867 2181 Gallia
882 2145 1149 2182 auctoritatem
1165 2153 1467 2196 comparaverat,

308 2211 358 2240 ·ut
381 2205 548 2255 undique
569 2206 615 2242 ad
637 2218 722 2242 eum
745 2205 956 2255 legationes
977 2213 1267 2251 concurrerent,
1305 2205 1468 2256 gratiam

314 2272 430 2316 atque
451 2267 657 2304 amicitiam
677 2267 830 2317 publice
850 2268 1104 2319 privatimque
1124 2274 1315 2318 peterent.

368 2326 474 2366 LVI.
529 2328 607 2367 Ubi
626 2327 820 2366 intellexit
853 2329 954 2366 ultro
973 2329 1023 2366 ad
1042 2341 1082 2366 se
1101 2328 1235 2375 veniri,
1268 2329 1391 2367 altera
1418 2339 1468 2366 ex
