1556 2683
621 316 787 359 LIBER
840 316 871 358 I.
1244 323 1320 361 245

180 425 379 464 consecuti
400 422 550 470 mlliteS,
570 424 778 461 consistere
798 429 965 474 cogunt:
990 422 1192 461 commisso
1211 434 1323 474 proc-

179 486 244 531 lio,
265 482 450 523 deseritur
469 498 491 522 a
505 485 581 522 suis
600 484 745 523 Varus:
774 485 956 522 nonnulla
976 496 1062 534 pars
1078 484 1237 522 militum
1254 485 1323 521 do-

179 559 280 583 mum
302 546 481 588 disc-edin
502 546 635 596 reliqui
652 545 700 582 ad
717 547 918 583 Caesarem
939 545 1187 596 perveniunt:
1208 553 1323 595 atque

178 616 256 644 uua
275 615 360 643 cum
383 607 426 643 iis
448 607 707 656 deprehensus
736 605 781 643 L.
803 606 962 656 Pupius,
991 605 1167 656 primipili
1189 613 1324 642 eentu—

181 667 253 712 rio,
281 667 499 712 adducitur,
520 668 582 717 qui
605 667 706 704 liuuc
726 667 889 704 eundem
907 667 1077 704 ordinem
1095 666 1131 702 in
1151 666 1326 703 exercitu

179 727 252 765 Cn.
272 727 445 777 Pompeii
464 736 577 765 antea
597 728 773 765 duxerat.
816 728 869 764 At
886 728 1026 764 Caesar
1044 726 1182 764 milites
1200 727 1327 763 Attia-

178 800 249 824 nos
267 788 472 834 collaudat,
495 788 654 838 Pu'pium
670 787 840 833 dimittit,
866 786 1132 825 Auximatibus
1146 787 1225 836 agit
1240 799 1325 837 gra-

179 848 264 893 tias,
284 857 402 898 seque·
419 860 550 885 eorum
572 838 661 886 facti
682 861 890 885 memorem
910 848 992 884 fore
1012 848 1228 898 pollicetur.

230 909 338 946 XIV.
393 910 541 952 Quibus
561 910 674 946 rebus
706 910 865 946 Romam
886 909 1089 954 nunciatis,
1122 916 1249 946 tantus
1268 917 1327 946 re-

177 977 294 1021 pente
322 977 446 1008 terror
478 970 628 1015 invasit,
663 976 719 1015 ut,
753 983 868 1019 quum
901 969 1088 1007 Lentulus
1118 969 1251 1006 consul
1279 969 1327 1006 ad

178 1031 427 1082 aperiendum
443 1031 630 1068 aerarium
650 1030 830 1075 venisset,
851 1030 897 1066 ad
917 1030 1118 1080 pecuniam
1139 1030 1327 1079 Pompeio

178 1100 228 1128 ex
260 1091 332 1129 SC.
362 1091 644 1141 proferendam,
675 1091 861 1141 protinus,
895 1097 1027 1141 aperto
1055 1091 1245 1128 sanctiore
1265 1103 1327 1128 aes

179 1152 291 1197 rario,
327 1165 376 1189 ex
398 1153 490 1189 urbe
518 1152 762 1202 profugeret:
801 1153 942 1189 Caesar
971 1152 1071 1188 enim
1105 1152 1326 1197 adventare,

174 1215 408 1263 jamjamque
437 1220 476 1249 et
495 1212 628 1249 adesse
649 1213 730 1261 ejus
749 1212 897 1262 equites
916 1211 1010 1248 falso
1031 1212 1326 1249 nunciabantur.

182 1275 301 1312 Hunc
322 1273 532 1311 Marcellus
552 1273 701 1322 collega
719 1280 757 1310 et
777 1273 948 1323 plerique
969 1272 1214 1322 magistratus
1234 1286 1326 1309 con-

180 1335 303 1374 secuti
324 1341 426 1372 sunt.
475 1335 546 1372 Cn.
567 1334 785 1384 Pompeius,
814 1333 936 1383 pridie
956 1335 1038 1383 ejus
1067 1333 1143 1370 diei
1164 1345 1213 1370 ex
1234 1334 1327 1370 urbe

180 1395 392 1447 profectus,
422 1395 494 1432 iter
516 1395 564 1432 ad
582 1395 754 1444 legiones
780 1394 961 1439 habebat,
990 1407 1083 1444 quas
1111 1407 1132 1431 a
1161 1396 1326 1432 Caesare

177 1463 358 1506 acceptas
387 1456 424 1492 in
459 1456 601 1507 Apulia
632 1455 879 1492 hibernorum
907 1467 1040 1492 caussa
1073 1455 1324 1505 disposuerat.

180 1516 360 1554 Dilectus
388 1517 488 1554 intra
509 1517 641 1554 urbem
661 1516 987 1554 intermittuntur:
1026 1516 1119 1552 nihil
1139 1517 1235 1554 citra
1254 1517 1328 1554 Ca-

180 1589 295 1628 puam
315 1584 439 1614 tutum
460 1590 543 1615 esse
571 1577 747 1614 omnibus
767 1575 930 1614 videtur.
984 1576 1141 1627 Capuae
1162 1577 1326 1627 primum

181 1650 264 1675 sese
280 1638 507 1676 confirmant
526 1645 565 1675 et
581 1638 782 1688 colligunt,
810 1637 1072 1687 dilectumque
1088 1638 1328 1683 colonorum,

179 1698 243 1748 qui
270 1698 356 1748 lege
381 1698 485 1736 Julia
513 1699 684 1748 Capuam
714 1699 873 1735 deducti
898 1705 1020 1743 erant,
1050 1698 1191 1735 habere
1222 1698 1327 1735 insti-

179 1765 316 1802 tuunt3
343 1759 664 1809 gladiatoresque,
686 1772 781 1809 quos
800 1759 851 1795 ibi
872 1759 1012 1796 Caesar
1032 1759 1069 1794 in
1089 1758 1180 1795 ludo
1209 1758 1326 1796 habe-

179 1819 258 1864 bat,
281 1819 328 1856 ad
348 1819 471 1856 forum
487 1820 709 1869 productos,
728 1819 917 1856 Lentulus
932 1819 1097 1856 libertati
1113 1819 1327 1866 confirmat,

179 1886 296 1929 atque
316 1880 359 1916 iis
379 1893 497 1930 equos
516 1880 704 1926 attribuit,
724 1888 763 1917 et
782 1893 822 1918 se
841 1881 946 1931 sequi
963 1881 1097 1930 jussit:
1127 1893 1221 1930 quos
1241 1893 1328 1931 pos-

181 1948 255 1983 tea,
277 1941 443 1977 monitus
462 1942 509 1978 ab
529 1941 620 1986 suis,
640 1941 743 1991 quod
763 1954 808 1979 ea
827 1955 887 1978 res
907 1941 1077 1978 omnium
1091 1941 1238 1990 judicio
1267 1954 1327 1979 re-

183 2001 508 2051 prehendebatur,
537 2001 681 2039 circum
702 2001 904 2040 familiares
932 2010 1143 2040 conventus
1164 2003 1327 2053 Campa-

182 2062 267 2098 niae
287 2063 484 2100 custodiae
505 2075 639 2100 caussa
658 2063 863 2101 distribuit.

233 2122 319 2159 XV.
376 2123 546 2160 Auximo
579 2123 720 2161 Caesar
755 2137 979 2175 progressus
1010 2137 1160 2162 omnem
1192 2137 1327 2175 agrum

181 2181 368 2219 Picenum
389 2184 591 2233 percurrit.
646 2185 820 2222 Cunctae
839 2198 969 2222 earum
998 2186 1197 2235 regionum
1219 2198 1327 2236 prae-

183 2243 354 2280 fecturae
384 2244 644 2281 libentissimis
672 2246 806 2282 animis
826 2258 914 2283 eum
942 2247 1147 2297 recipiunt,
1176 2246 1327 2284 exerci-

182 2311 341 2354 tumque
361 2306 442 2354 ejus
464 2305 639 2343 omnibus
659 2307 772 2344 rebus
796 2309 944 2357 juvant.
999 2307 1126 2345 Etiam
1146 2308 1326 2358 Cingulo,

182 2364 288 2413 quod
303 2364 484 2416 oppidum
501 2365 697 2404 Labienus
714 2367 980 2413 constituerat,
999 2379 1142 2418 suaque
1162 2367 1326 2418 pecunia
