1556 2683
522 305 687 344 LIBER
742 305 854 343 VIII.
1215 311 1286 346 221

146 410 378 448 Germaniae
416 409 651 447 vicinitatem
688 409 918 460 quotidianis
951 408 1120 446 excitata
1163 409 1286 456 bellis,

147 472 255 509 cultu
279 478 318 509 et
350 471 503 508 feritate
524 483 600 508 non
628 471 790 507 multum
810 483 832 507 a
852 470 1054 508 Germanis
1073 469 1286 517 differebat,

144 545 271 583 neque
292 533 477 582 imperata
497 544 678 582 unquam,
706 530 777 568 nisi
797 531 972 569 exercitu
989 537 1140 576 coacta,
1169 530 1286 569 facie-

143 594 223 631 bat.

188 653 335 691 XXVI.
388 653 549 691 Interim
570 653 614 691 C.
635 652 833 698 Caninius,
853 653 1016 703 legatus,
1038 666 1169 703 quum,
1182 665 1288 704 mag-

146 728 233 753 nain
253 715 536 753 multitudinem
557 715 781 752 convenisse
800 714 966 752 hostium
986 715 1023 752 in
1041 715 1138 752 fines
1157 714 1288 752 Picto·-

142 790 249 822 num,
269 776 389 814 literis
409 776 635 826 nunciisque
656 776 810 813 Duratii
829 783 1097 826 cognosceret,
1117 777 1181 827 qui
1200 790 1288 827 per-

143 845 262 888 petuo
294 837 332 874 in
362 836 531 875 amicitia
572 836 834 874 Romanorum
862 845 1137 887 permanserat,
1170 851 1286 888 quum

139 910 228 947 pars
260 897 448 948 quaedam
483 896 648 935 civitatis
678 898 758 946 ejus
778 895 1007 940 defecissem
1035 896 1083 933 ad
1103 896 1287 948 oppidum

141 958 357 996 Lemonum
378 957 590 995 contendit.
643 958 731 998 Quo
752 970 870 1007 quum
896 957 1137 1003 adventaret,
1169 965 1286 1008 atque

140 1032 191 1057 ex
210 1019 370 1069 captivis
390 1018 533 1055 certius
553 1025 821 1068 cognosceret,
841 1017 968 1054 multis
987 1017 1184 1054 hominum
1202 1018 1287 1055 mil-

138 1080 237 1117 libus
257 1092 280 1117 a
299 1079 518 1124 Dumnaco,
547 1078 648 1115 duce
669 1078 854 1123 Andium,
887 1078 1094 1115 Duratium
1113 1078 1285 1117 clausum

138 1140 303 1178 Lemoni
324 1139 562 1192 oppugnari3
589 1152 715 1190 neque
735 1139 902 1176 infirmas
921 1139 1092 1189 legiones
1111 1139 1286 1177 hostibus

139 1202 381 1240 committere
396 1201 557 1239 auderet
571 1216 579 1244 ;
600 1207 725 1238 castra
737 1199 885 1237 munito
900 1199 987 1237 loco
1002 1199 1141 1250 posuit.
1162 1199 1286 1236 Dum-

140 1275 274 1309 nacus,
307 1276 425 1314 quum
455 1261 762 1313 appropinquare
794 1260 998 1298 Caninium
1027 1260 1285 1311 cognovisset,

139 1324 260 1374 copiis
280 1323 457 1361 omnibus
474 1322 525 1360 ad
556 1322 728 1373 legiones
748 1321 956 1367 conversis,
988 1329 1112 1359 castra
1142 1322 1283 1360 Roma-

138 1398 275 1423 norum
295 1397 521 1435 oppugnare
539 1383 716 1421 instituit.
772 1384 900 1425 Quum
917 1383 1134 1434 complures
1149 1383 1229 1420 dies
1244 1383 1284 1420 in

137 1445 426 1496 oppugnatione
446 1444 733 1490 consumsisset,
770 1450 823 1489 et,
856 1457 996 1494 magno
1028 1457 1184 1481 suorum
1216 1444 1284 1482 de-

136 1505 335 1552 trimento,
372 1505 514 1543 nullam
534 1512 682 1556 partem
702 1505 957 1543 munitionum
977 1505 1195 1543 convellere
1214 1518 1284 1556 po-

135 1568 284 1614 tuisset,
316 1580 446 1605 rursus
466 1567 515 1605 ad
533 1566 788 1604 obsidendum
807 1566 1024 1603 Lemonum
1044 1566 1156 1603 redit.

179 1628 347 1666 XXVII.
403 1628 552 1666 Eodem
567 1635 754 1678 tempore,
771 1627 816 1665 C.
832 1626 984 1673 Fabius,
997 1627 1162 1678 legatus,
1177 1641 1283 1665 com-

135 1690 266 1741 plures
285 1690 460 1727 civitates
479 1689 517 1726 in
538 1689 651 1727 fidem
664 1688 816 1738 recipit,
848 1687 1043 1725 obsidibus
1066 1688 1206 1734 firmat,
1239 1688 1285 1726 li-

133 1751 303 1802 terisque
326 1751 371 1789 C.
392 1750 543 1789 Caninii
565 1750 693 1788 Rebili
711 1749 754 1786 fit
774 1750 928 1795 certior,
962 1762 1060 1800 quae
1081 1750 1119 1787 in
1154 1749 1283 1787 Picto-

134 1812 248 1849 nibus
267 1819 461 1862 gerantur.
514 1812 665 1854 Quibus
685 1811 798 1848 rebus
817 1810 997 1861 cognitis,
1025 1810 1284 1861 proficiscitur

134 1872 182 1910 ad
204 1873 390 1910 auxilium
422 1873 588 1910 Duratio
607 1872 822 1910 serendum.
878 1873 934 1909 At
954 1872 1196 1919 Dumnacus,
1216 1871 1283 1909 ad-

133 1940 253 1970 ventu
274 1932 380 1970 Fabii
401 1933 571 1983 cognito,
592 1933 795 1983 desperata
813 1932 948 1979 salute,
977 1932 1008 1969 si
1029 1932 1164 1970 eodem
1187 1941 1283 1970 tem-

133 2006 229 2043 pore
258 2002 416 2031 coactus
437 2002 538 2031 esset
556 2002 594 2031 et
615 1993 832 2031 Romanum
859 2001 1064 2031 externum
1092 1993 1284 2032 sustinere

134 2055 302 2100 hostem,
322 2063 360 2092 et
380 2055 572 2105 respicere
591 2068 638 2092 ac
657 2055 793 2092 timere
813 2054 1038 2106 oppidanos,
1058 2062 1218 2105 repente
1233 2068 1281 2093 eo

131 2127 182 2152 ex
211 2115 298 2153 loco
324 2129 411 2153 cum
435 2116 555 2167 copiis
574 2116 746 2154 recedit:
775 2129 848 2154 nec
868 2129 908 2153 se
927 2116 1018 2154 satis
1036 2123 1163 2153 tutum
1199 2116 1282 2154 fore

136 2176 356 2224 arbitratur,
376 2176 448 2213 nisi
460 2176 604 2214 flumen
620 2177 804 2228 Ligerim,
819 2177 922 2228 quod
937 2184 1019 2215 erat
1036 2184 1152 2228 ponte
1167 2191 1283 2228 prop-

132 2244 193 2273 ter
207 2238 513 2288 magnitudinem
527 2238 818 2284 transeundum,
839 2238 970 2289 copias
990 2238 1281 2276 transduxisset.

131 2297 286 2345 Fabius,
306 2298 378 2336 etsi
397 2298 567 2336 nondum
588 2300 625 2336 in
644 2307 897 2350 conspectum
916 2308 1075 2338 venerat
1094 2300 1280 2346 hostibus,

130 2371 255 2410 neque
285 2372 327 2397 se
358 2373 446 2398 cum
478 2360 640 2399 Caninio
660 2362 931 2412 conjunxerat,
963 2368 1107 2409 tamen,
1140 2360 1278 2399 doctus
