1556 2683
223 307 297 344 256
549 305 624 344 DE
661 306 840 343 BELLO
882 306 1049 345 CIVILI

222 415 264 445 ut
279 421 391 459 supra
407 409 761 454 demonstravimus,
777 409 921 446 amissis
938 408 1174 454 cohortibus,
1190 408 1363 459 protinus

219 482 269 505 ex
287 469 379 519 fuga
393 469 431 506 in
454 469 625 507 Africam
644 477 884 520 pervenerat,
904 477 1019 519 atque
1039 481 1121 505 eam
1137 481 1204 505 sua
1223 477 1360 519 sponte

217 542 377 567 vacuam
397 538 667 580 occupaverat,
687 531 907 580 dilectuque
923 531 1052 567 habito
1072 544 1101 567 11
1119 529 1289 579 legiones
1305 529 1362 566 ef-

217 590 379 634 fecerat;
400 592 595 628 hominum
616 599 655 628 et
674 591 844 628 locorum
861 591 1010 637 notitia,
1029 598 1068 628 et
1084 604 1155 628 usu
1174 592 1255 641 ejus
1274 603 1362 640 pro-

216 653 378 698 vinciae,
398 661 532 691 nactus
551 653 677 690 aditus
692 653 741 690 ad
761 665 806 689 ea
821 653 1008 696 conanda,
1029 652 1132 702 quod
1148 651 1279 702 paucis
1295 663 1361 687 an-

216 720 255 749 te
270 714 377 750 annis
393 727 441 751 ex
462 722 641 764 praetura
660 727 743 751 eam
759 713 992 764 provinciam
1009 713 1238 749 obtinuerat.
1270 711 1362 755 Hic,

216 773 434 811 venientem
456 775 608 812 Uticam
636 774 807 818 navibus
840 773 1085 810 Tuberonem
1113 780 1226 823 portu
1246 779 1361 821 atque

216 834 357 885 oppido
376 835 567 885 prohibet,
588 848 713 884 neque
729 835 905 871 affectum
920 834 1137 871 valetudine
1153 834 1271 870 filium
1292 846 1360 870 ex-

214 909 359 946 ponere
379 896 415 932 in
436 903 573 933 terram
595 896 757 946 patitur3
788 896 855 932 scd
875 895 1031 932 sublatis
1051 894 1226 932 anchoris
1247 906 1362 931 exce-

215 956 307 993 dere
328 970 373 994 eo
392 957 478 994 loco
498 956 616 1006 cogit.

263 1017 434 1054 XXXII.
490 1017 562 1054 His
582 1017 694 1053 rebus
711 1017 911 1062 confectis,
933 1018 1087 1061 Caesar,
1112 1024 1152 1053 ut
1171 1016 1360 1066 reliquum

213 1086 364 1128 tempus
382 1091 404 1115 a
432 1078 563 1115 labore
594 1078 925 1122 intermitteretur,
953 1078 1090 1114 milites
1119 1078 1157 1114 in
1185 1077 1361 1127 proxima

211 1138 420 1188 municipia
435 1138 610 1175 deducit:
630 1138 710 1188 ipse
727 1139 774 1174 ad
791 1139 923 1175 urbem
939 1138 1205 1188 proficiscitur.
1235 1137 1356 1174 Coac-

212 1206 252 1236 to
271 1206 420 1244 senatu,
455 1198 611 1247 injurias
632 1198 870 1235 inimicorum
899 1205 1197 1236 commemorat:
1228 1199 1358 1243 docet,

210 1272 251 1296 se
282 1259 428 1295 nullum
457 1259 801 1296 extraordinarium
829 1260 1014 1296 honorem
1042 1260 1247 1309 appetisse,
1277 1259 1359 1302 sed,

217 1327 444 1370 exspectato
478 1319 648 1370 legitimo
687 1327 860 1369 tempore
894 1321 1125 1365 consulatus,
1163 1332 1209 1356 eo
1242 1319 1360 1356 fuisse

214 1388 452 1425 contentum,
487 1380 590 1430 quod
610 1380 785 1417 omnibus
806 1381 951 1417 civibus
971 1387 1140 1431 pateret:
1173 1381 1292 1418 latum
1312 1380 1360 1417 ab

214 1455 239 1477 x
260 1441 422 1478 tribunis
451 1440 585 1491 plebis,
618 1441 971 1478 contradicentibus
1000 1441 1176 1485 inimicis,
1210 1441 1359 1478 Catone

209 1516 297 1539 vero
317 1501 502 1539 acerrime
522 1509 774 1552 repugnante,
795 1509 847 1548 et,
874 1501 1033 1552 pristina
1065 1502 1357 1546 consuetudine,

208 1562 365 1601 dicendi
379 1575 486 1600 mora
501 1563 582 1600 dies
596 1563 839 1609 extrahente,
861 1571 902 1600 ut
916 1563 972 1599 sui
994 1563 1089 1600 ratio
1104 1563 1271 1600 absentis
1290 1562 1357 1598 ha-

208 1624 380 1668 beretur,
415 1623 495 1673 ipso
525 1623 681 1660 consule
703 1620 918 1673 Pompeio?
949 1622 1012 1673 qui
1033 1623 1062 1659 si
1091 1623 1357 1673 improbasset,

207 1697 276 1720 cur
295 1683 385 1720 ferri
406 1696 539 1733 passus
558 1684 687 1720 esset?
710 1683 766 1720 sin
786 1684 999 1733 probasset,
1022 1696 1090 1720 cur
1105 1696 1145 1720 se
1165 1684 1220 1720 uti
1234 1696 1356 1734 popu-

208 1744 233 1779 li
253 1744 442 1781 beneficio
470 1744 726 1794 prohibuisset
742 1745 754 1781 ?
785 1743 1014 1780 Patientiam
1033 1744 1213 1794 proponit
1232 1756 1353 1788 suam,

209 1817 326 1854 quum
347 1804 394 1840 de
425 1803 660 1841 exercitibus
681 1803 917 1841 dimittendis
937 1804 1037 1841 ultro
1062 1803 1329 1854 postulavisset
1347 1819 1356 1846 ;

207 1865 244 1901 in
266 1878 342 1914 quo
368 1867 559 1914 Jacturam
590 1864 787 1914 dignitatis
806 1872 922 1915 atque
949 1864 1105 1901 honoris
1124 1864 1206 1914 ipse
1232 1864 1355 1902 factu-

206 1939 270 1962 rus
290 1932 404 1962 esset.
447 1926 712 1962 Acerbitatem
734 1925 974 1963 inimicorum
995 1926 1133 1969 docet3
1154 1925 1232 1975 qui,
1253 1926 1357 1975 quod.

206 1986 253 2022 ab
273 1985 395 2022 altero
415 1985 667 2034 postularent,
700 1985 736 2022 in
757 1999 798 2023 se
826 1992 1062 2031 recusarent,
1091 1992 1207 2036 atque
1228 1986 1356 2022 omnia

206 2046 428 2096 permisceri
450 2046 619 2090 mallent,
652 2060 764 2097 quam
785 2047 986 2097 imperium
1007 2047 1277 2096 exercitusque
1298 2046 1354 2083 di-

206 2107 372 2145 mittere.
418 2106 602 2156 Injuriam
622 2106 658 2142 in
676 2107 881 2156 eripiendis
900 2107 1114 2157 legionibus
1134 2107 1351 2156 praedicat:

211 2166 478 2205 crudelitatem
508 2174 546 2204 et
574 2167 814 2204 insolentiam
846 2168 882 2204 in
904 2168 1260 2208 circumscribendis
1287 2168 1353 2204 trim

206 2227 319 2264 bunis
339 2227 474 2276 plebis,
496 2227 734 2264 conditiones
754 2241 776 2265 a
792 2241 830 2265 se
851 2229 960 2273 latas,
981 2236 1020 2264 et
1040 2227 1212 2277 expetita
1233 2228 1351 2264 collo·-

207 2287 296 2337 quia
324 2294 362 2323 et
391 2287 594 2336 denegata,
628 2297 914 2326 commemorat.
969 2289 1043 2325 Pro
1074 2289 1211 2339 quibus
1239 2289 1351 2325 rebus

207 2354 288 2385 orat
308 2360 353 2385 ac.
374 2348 555 2398 postulat,
588 2349 863 2399 rempublicam
885 2350 1110 2400 suscipiant,
1141 2358 1254 2400 atque
1276 2362 1350 2386 una
