1556 2683
290 280 367 316 212
573 281 647 318 DE
690 281 869 320 BELLO
911 282 1155 321 GALLICO

293 390 438 429 rentur,
475 390 517 421 ut
536 384 655 422 lio-stis
688 397 710 422 a
728 385 872 435 duplici
891 385 991 423 fossa
1009 386 1151 436 duplici
1170 394 1431 437 propugnato-

287 455 370 479 rum
392 444 525 482 ordine
544 445 833 483 defenderetur:
865 460 1027 496 quorum
1053 448 1149 485 alter
1168 460 1216 485 ex
1236 449 1430 498 pontibuS‚

287 517 364 554 quo
383 506 501 543 tutior
520 507 722 544 altitudine
741 514 854 552 esset,
888 508 963 544 hoc
992 507 1172 546 auda-cius
1203 509 1430 560 longiusque

286 565 364 603 tela
382 568 647 617 permitteret;
687 568 798 614 alter,
828 568 893 618 qui
927 569 1081 618 propior
1110 569 1258 607 hostem
1279 570 1316 606 in
1347 571 1429 621 ipso

283 627 383 663 vallo
403 628 612 665 collocatus
631 636 744 674 esset,
777 636 895 678 ponte
913 630 960 666 ab
993 629 1247 668 incidentibus
1267 631 1352 668 telis
1372 639 1428 670 te-

284 696 454 738 geretur.
501 688 627 726 Portis
645 689 745 726 sores
765 690 996 740 altioresque
1015 698 1138 727 turres
1162 691 1354 741 imposuit.

337 751 387 788 X.
445 749 572 798 Hujus
586 750 810 787 munitionis
826 751 967 800 duplex
983 760 1065 788 erat
1081 753 1279 789 consilium
1294 767 1302 789 :
1324 766 1429 791 nam-

284 825 360 864 que
379 819 417 849 et
438 825 596 861 operum
627 812 931 861 magnitudinem
951 821 990 849 et
1011 813 1185 850 timorem
1214 827 1322 851 suum
1345 827 1429 865 spe-

284 875 395 912 rabat
413 873 592 912 fiduciam
606 873 775 911 barbaris
795 873 1021 915 allaturum;
1053 881 1106 918 et,
1136 887 1253 924 quum
1273 876 1429 924 pabula-

282 943 365 973 tum
393 935 747 984 frumentatumque
776 934 927 983 longius
959 942 1059 972 esset
1091 935 1430 985 proficiscendum,

281 997 408 1049 parvis
428 996 550 1046 copiis
570 1003 695 1033 castra
720 995 931 1033 munitione
952 995 1032 1045 ipsa
1051 995 1203 1034 videbat
1230 1010 1342 1047 posse
1361 999 1428 1036 de-

279 1058 399 1096 fendi.
453 1057 627 1102 Interim,
647 1057 782 1095 crebro
801 1057 933 1107 paucis
954 1057 1144 1108 utrimque
1164 1060 1425 1108 procurrenti-

279 1119 366 1165 bus,
394 1118 494 1156 inter
512 1117 602 1155 bina
621 1124 745 1155 castra
763 1117 900 1167 palude
921 1116 1136 1165 interjecta,
1164 1119 1425 1157 contendeba-

277 1187 368 1217 tur:
397 1192 511 1230 quam
531 1185 660 1216 tamen
685 1177 864 1228 palu-dem
895 1191 1169 1228 nonnunquam
1199 1186 1263 1216 aut
1296 1187 1427 1218 nostra

278 1241 422 1279 auxilia
441 1240 643 1277 Gallorum
662 1239 1021 1289 Germanorumque
1041 1239 1266 1285 transibant,
1283 1241 1426 1278 acrius-

279 1316 356 1354 que
375 1302 505 1339 hostes
520 1301 839 1351 insequebantur3
860 1307 925 1337 aut
939 1300 1104 1337 vicissim
1125 1300 1269 1346 hostes,
1290 1302 1426 1339 eadem

279 1362 521 1413 transgressi,
540 1369 692 1398 nostros
706 1361 858 1410 longius
872 1361 1160 1398 submovebant.
1207 1362 1425 1400 Accidebat

278 1432 409 1463 autem
441 1422 672 1474 quotidianis
691 1422 1013 1472 pabulationibus,
1047 1422 1107 1473 (id
1127 1423 1230 1472 quod
1249 1423 1425 1462 accidere

277 1494 363 1524 erat
380 1493 559 1530 necesse,
582 1497 699 1533 quum
719 1483 812 1521 raris
826 1483 1074 1534 disjectisque
1093 1496 1142 1521 ex
1163 1483 1345 1522 aedificiis
1358 1498 1426 1536 pa-

277 1547 412 1586 bulum
444 1544 758 1596 conquireretur)
782 1552 824 1582 ut
843 1544 1035 1595 impeditis
1055 1545 1149 1582 locis
1169 1545 1330 1596 dispersi
1357 1560 1425 1597 pa-

276 1609 474 1648 bulatores
502 1606 893 1645 circumvenirentur:
926 1618 1113 1656 quaeres,
1133 1606 1204 1643 etsi
1231 1607 1425 1647 mediocre

278 1670 552 1709 detrimentum
563 1669 824 1718 jumentorum
845 1680 890 1704 ac
918 1680 1114 1705 servorum
1134 1667 1272 1705 nostris
1292 1668 1425 1708 affere·

276 1732 357 1777 bat,
377 1738 505 1768 tamen
526 1729 660 1766 stultas
680 1728 934 1778 cogitationes
954 1728 1137 1766 incitabat
1156 1729 1426 1775 barbarorum;

276 1801 393 1844 atque
412 1805 459 1829 eo
478 1790 612 1841 magis,
641 1790 744 1841 quod
765 1789 976 1835 Commius,
1005 1802 1117 1840 quem
1139 1789 1354 1840 profectum
1374 1793 1423 1830 ad

277 1854 420 1892 auxilia
450 1853 731 1890 Germanorum
760 1851 988 1889 arcessenda
1007 1851 1136 1896 docui,
1167 1864 1254 1888 cum
1284 1853 1423 1903 equiti-

277 1918 354 1955 bus
367 1923 547 1954 venerat:
568 1915 632 1966 qui
648 1922 775 1952 tamen
792 1913 860 1951 etsi
877 1926 1035 1951 numero
1051 1926 1127 1951 non
1143 1913 1302 1964 amplius
1318 1923 1426 1954 erant

274 1978 490 2030 quingenti,
517 1984 645 2014 tamen
666 1975 946 2013 Germanorum
960 1975 1128 2013 adventu
1146 1975 1297 2013 barbari
1315 1975 1423 2015 infla-

273 2040 426 2077 bantur.

325 2100 395 2137 XI.
450 2100 607 2144 Caesar,
642 2111 759 2148 quum
786 2095 1118 2139 animadverteret,
1148 2094 1298 2132 hostem
1319 2108 1423 2134 com-

271 2162 401 2212 plures
420 2161 501 2198 dies
521 2159 667 2204 castris,
698 2159 838 2209 palude
871 2165 910 2195 et
929 2157 1004 2195 loci
1024 2163 1160 2194 natura
1178 2156 1346 2202 muniti&
1379 2170 1421 2196 se

271 2230 420 2268 tenere,
440 2235 566 2273 neque
585 2220 800 2272 oppugnari
817 2227 941 2257 castra
956 2232 1087 2256 eorum
1108 2218 1188 2255 sine
1209 2218 1421 2256 dimicatio-

271 2298 320 2322 ne
346 2284 572 2335 perniciosa‚
593 2296 666 2320 nec
687 2283 814 2320 locum
841 2280 1117 2318 munitionibus
1137 2279 1277 2324 claudi,
1308 2279 1378 2316 nisi
1398 2293 1421 2318 a

271 2347 416 2395 majore
435 2344 629 2390 exercitu,
649 2357 785 2395 posse3
814 2343 944 2380 literas
963 2342 1011 2379 ad
1033 2340 1268 2379 Trebonium
1288 2340 1418 2387 mittit,
