1556 2683
544 225 711 262 LIBER
764 225 832 262 VI.
1207 228 1280 268 147

126 334 153 354 “
171 342 308 367 norum
330 328 515 367 contulit:
544 328 724 380 praesidii
744 336 895 366 tantum
914 336 986 375 est,
1015 336 1058 366 ut
1078 341 1126 366 nc
1146 341 1277 368 murus

126 397 154 416 “
173 392 327 442 quidem
348 390 452 441 cingi
473 391 605 441 possit,
634 403 760 441 neque
780 391 980 441 quisquam
1009 390 1141 441 egredi
1166 398 1280 429 extra

126 457 153 476 “
171 452 407 490 munitiones
426 452 611 489 audeat.’'
667 451 809 489 Oblata
834 465 916 502 spe,
938 451 1136 498 Germani,
1163 463 1277 502 quam

124 512 229 550 nacti
244 519 354 549 erant
367 512 561 562 praedam,
571 512 610 548 in
622 513 778 550 occulto
793 512 1037 563 relinquunt:
1057 512 1128 562 ipsi
1145 513 1278 549 Adua-

124 581 254 611 tucam
274 573 530 619 contendunt,
553 574 607 610 usi
628 573 765 611 eodem
785 573 898 619 duce,
933 575 1043 624 cujus
1063 573 1159 610 haec
1179 573 1278 610 indi-

124 634 186 672 cio
207 643 484 685 cognoverant.

176 695 365 734 XXXVI.
402 695 557 741 Cicero,
588 696 654 746 qui
683 708 752 746 per
777 709 911 734 omnes
939 695 1156 747 superiores
1182 696 1278 742 dies,

122 757 341 809 praeceptis
358 757 548 803 Caesaris,
561 770 709 794 summa
721 758 922 808 diligentia
932 758 1074 795 milites
1089 757 1127 794 in
1143 757 1278 794 castris

123 819 391 865 continuisset,
411 831 457 856 ac
477 832 526 855 ne
546 819 720 856 calonem
740 818 894 869 quidem
915 832 1144 870 quemquam
1166 827 1279 856 extra

123 880 375 918 munitionem
398 880 531 930 egredi
550 892 684 931 passus
704 888 820 926 esset,
852 892 915 917 vu
938 881 999 918 die
1020 880 1208 927 diffidens,
1228 881 1277 918 de

121 954 284 979 numero
316 941 465 978 dierum
498 942 703 979 Caesarem
736 942 854 979 fidem
886 950 1140 987 servaturum,
1173 942 1278 993 quod

120 1003 273 1053 longius
293 1016 380 1040 eum
411 1015 659 1053 progressum
679 1002 875 1048 audiebat,
907 1015 1034 1054 neque
1056 1003 1131 1040 ulla
1151 1003 1198 1040 de
1219 1016 1278 1041 re-

121 1064 205 1102 ditu
225 1065 308 1114 ejus
325 1063 428 1101 fama
447 1064 695 1108 afferebatur3
713 1064 825 1102 simul
840 1076 972 1102 eorum
990 1072 1189 1114 permotus
1209 1076 1276 1101 vo-

121 1126 245 1170 cibus,
275 1125 341 1176 qui
362 1125 462 1163 illius
477 1126 703 1176 patientiam
723 1138 846 1176 paene
866 1125 1129 1163 obsessionem
1145 1125 1278 1175 appel-

119 1188 264 1233 labant,
278 1186 467 1237 siquidem
488 1198 537 1224 ex
553 1189 688 1224 castris
709 1187 842 1237 egredi
855 1200 933 1224 non
952 1187 1087 1224 liceret
1103 1202 1111 1230 ;
1131 1186 1279 1223 nullum

121 1248 312 1300 ejusmodi
339 1260 470 1285 casum
489 1255 737 1298 exspectans,
759 1261 849 1299 quo,
880 1260 923 1286 lx
946 1248 1132 1298 oppositis
1157 1247 1279 1298 legio-

119 1310 233 1347 nibus
252 1310 499 1360 maximoque
519 1308 709 1360 equitatu,
730 1309 911 1360 dispersis
931 1323 976 1347 ac
996 1322 1120 1360 paene
1140 1309 1278 1346 deletis

119 1371 309 1417 hostibus,
330 1371 368 1408 in
382 1371 549 1408 millibus
565 1383 748 1421 passuum
763 1382 815 1407 111
837 1370 979 1408 offendi
993 1377 1146 1421 posset3
1168 1382 1194 1406 v
1214 1383 1280 1408 co-

119 1433 252 1471 hortes
269 1432 549 1470 frumentatum
569 1432 607 1468 in
627 1431 824 1482 proximas
853 1440 1007 1482 segetes
1039 1431 1154 1477 misit,
1185 1445 1278 1482 quas

120 1494 222 1531 inter
237 1501 276 1530 et
296 1500 421 1530 castra
454 1506 550 1530 unus
581 1493 737 1530 omnino
767 1492 876 1530 collis
910 1492 1107 1530 intererat.
1162 1492 1279 1530 Com-

118 1555 248 1607 plures
276 1561 387 1592 erant
406 1554 445 1590 in
465 1554 600 1591 castris
621 1566 670 1591 ex
691 1554 908 1603 legionibus
927 1553 1033 1603 aegri
1053 1553 1198 1596 relicti;
1228 1566 1279 1591 ex

121 1617 273 1668 quibus,
307 1615 372 1666 qui
392 1614 467 1653 hoc
483 1615 608 1666 spatio
628 1615 777 1652 dierum
798 1615 1090 1661 convaluerant,
1123 1615 1279 1652 circiter

118 1687 191 1712 ccc
205 1677 275 1714 sub
296 1675 441 1713 vexillo
461 1688 537 1713 una
552 1676 782 1713 mittuntur:
802 1687 942 1725 magna
956 1683 1161 1726 praeterea
1179 1677 1277 1713 mul·

116 1736 243 1774 titudo
264 1737 458 1783 calonum,
478 1749 619 1788 magna
637 1737 693 1774 vis
708 1739 990 1787 jumentorum,
1017 1750 1116 1788 quae
1135 1738 1175 1775 in
1195 1750 1277 1776 cas-

117 1799 185 1836 tris
205 1799 446 1845 subsederat,
476 1800 581 1837 facta
599 1806 810 1850 potestate,
839 1799 1027 1850 sequitur.

170 1860 382 1897 XXXVII.
436 1860 528 1898 Hoc
548 1860 631 1910 ipso
655 1868 829 1910 tempore
850 1867 890 1897 et
918 1873 1010 1897 casu
1031 1860 1217 1898 Germani
1237 1873 1276 1899 e-

117 1922 244 1973 quites
263 1921 541 1967 interveniunt,
572 1921 828 1971 protinusque
848 1920 986 1958 eodem
1007 1922 1086 1968 illo,
1117 1936 1193 1973 quo
1214 1935 1278 1960 ve-

117 1991 269 2030 nerant,
289 1995 405 2021 cursu
425 1983 471 2020 ab
492 1983 708 2020 decumana
725 1990 839 2033 porta
857 1982 895 2018 in
924 1990 1049 2021 castra
1064 1984 1277 2036 irrumpere

117 2052 330 2083 conantur:
359 2058 433 2082 nec
448 2044 553 2095 prius
569 2051 660 2081 sunt
674 2043 756 2089 visi,
778 2043 942 2094 objectis
962 2045 1008 2081 ab
1025 2057 1070 2082 ea
1084 2053 1193 2096 parte
1213 2045 1276 2083 sil-

116 2107 187 2154 vis,
218 2119 332 2158 quam
353 2106 489 2144 castris
505 2105 876 2156 appropinquarent,
903 2119 1025 2157 usque
1051 2118 1112 2153 eo,
1132 2113 1189 2153 ut,
1210 2107 1277 2158 qui

115 2169 186 2206 sub
201 2168 301 2206 vallo
316 2168 525 2206 tenderent
543 2173 794 2213 mercatores,
814 2167 1029 2217 recipiendi
1044 2168 1102 2205 sui
1113 2167 1276 2206 faculta-

116 2237 196 2268 tem
216 2243 293 2268 non
309 2229 511 2267 haberent.
553 2227 806 2279 Inopinantes
821 2228 943 2266 nostri
957 2241 997 2266 re
1014 2242 1113 2267 nova
1125 2238 1276 2281 pertur-

113 2291 278 2338 bantur3
307 2304 354 2330 ac
371 2291 437 2330 vix
457 2290 624 2342 primum
652 2289 841 2342 impetum
871 2290 1010 2329 cohors
1041 2291 1080 2329 in
1108 2292 1274 2330 statione
