1556 2683
513 245 680 283 LIBER
735 244 825 282 vn.
1189 250 1262 288 179

108 363 275 397 murum,
304 351 368 401 qui
388 356 605 387 nostrorum
626 349 811 400 impetum
830 348 1014 394 tardaret,
1041 349 1260 399 praeduxe—

107 419 194 451 rant
218 411 344 454 Galli;
376 417 506 461 atque,
540 409 720 447 inferiore
741 409 844 446 omni
863 408 986 458 spatio
1007 420 1128 445 vacuo
1149 409 1259 447 relic-

109 480 165 519 to,
193 473 428 523 superiorem
450 478 596 520 partem
617 470 725 508 collis
746 483 801 506 usa
819 482 866 506 ue
887 469 935 506 ad
956 482 1105 506 murum
1126 471 1258 520 oppidi

108 533 340 572 densissimis
361 533 496 569 castris
517 531 816 582 compleverant.
845 529 1006 576 Milites,
1026 529 1116 567 dato
1132 531 1258 581 signo,

106 595 285 633 celeriter
313 594 362 631 ad
390 592 642 630 munitionem
670 591 914 643 perveniunt,
944 604 1108 643 eamque
1137 599 1260 630 trans·

104 657 241 707 gressi,
261 655 371 693 trinis
391 654 525 692 castris
546 653 757 704 potiuntur.
785 665 830 690 ac
851 660 957 690 tanta
971 652 1046 690 fuit
1065 653 1102 690 in
1124 654 1260 691 castris

106 715 303 767 capiendis
324 716 516 760 celeritas,
538 722 580 751 ut
600 714 867 760 Teutomatus,
888 727 956 752 rex
979 714 1254 765 Nitiobrigum,

106 777 234 815 subito
255 778 292 814 in
312 775 563 814 tabernaculo
582 788 802 826 oppressus,
835 783 877 812 ut
896 775 1056 813 meridie
1075 776 1259 827 conquie-

103 846 225 885 verat,
258 838 456 889 superiore
477 837 648 888 corporis
668 844 776 887 parte
803 836 961 882 nudata,
992 837 1192 874 vulnerato
1221 852 1260 876 e-

104 910 196 950 quo,
217 899 280 936 vix
299 913 341 937 se
356 912 405 936 ex
419 898 593 936 manibus
609 897 876 948 praedantium
896 897 1059 935 militum
1080 900 1260 949 eriperet.

159 959 325 998 XLVII.
381 961 626 998 Consecutus
647 959 698 1005 id,
719 960 822 1010 quod
842 960 970 997 animo
989 969 1258 1011 proposuerat,

105 1022 248 1060 Caesar
261 1020 434 1072 receptui
449 1020 534 1058 cani
546 1020 673 1070 jussit,
693 1021 934 1072 legionisque
955 1021 1143 1067 decimae,
1164 1034 1257 1072 qua-

106 1094 193 1121 cum
214 1090 297 1120 erat
313 1083 580 1128 concionatus,
598 1082 709 1132 signa
723 1082 945 1120 constitere.
974 1090 1011 1120 at
1028 1083 1261 1134 reliquarum

103 1144 243 1182 milites
262 1144 473 1194 legionum,
489 1156 566 1180 non
583 1142 769 1180 exaudito
785 1143 903 1181 tubae
919 1155 1029 1188 sono,
1049 1144 1150 1194 quod
1167 1145 1259 1182 satis

102 1215 244 1256 magna
263 1205 371 1242 vallis
387 1204 669 1249 intercedebat,
689 1211 818 1241 tamen
838 1205 885 1242 ab
899 1204 1063 1242 tribunis
1078 1205 1260 1253 militum,

102 1267 332 1318 legatisque,
352 1274 395 1303 ut
414 1272 497 1303 erat
516 1278 538 1303 a
557 1265 722 1303 Caesare
742 1274 1009 1316 praeceptum,
1041 1267 1261 1305 retineban-

104 1335 179 1366 tur.
219 1327 309 1373 Sed,
330 1327 420 1364 elati
440 1339 508 1377 spe
528 1325 665 1363 celeris
684 1325 883 1372 victoriae,
904 1335 944 1364 et
963 1327 1132 1365 hostium
1153 1328 1260 1379 suga,

104 1389 422 1440 superiorumque
438 1395 655 1437 temporum
668 1387 848 1424 secundis
865 1387 1035 1437 proeliis,
1052 1389 1144 1426 nihil
1161 1390 1261 1427 adeo

102 1451 265 1489 arduum
285 1450 357 1487 sibi
377 1449 664 1494 existimabant,
694 1448 798 1498 quod
817 1461 893 1486 non
913 1449 1057 1488 virtute
1073 1449 1262 1502 consequi

102 1518 282 1564 possent:
311 1523 438 1561 neque
458 1509 562 1560 prius
581 1509 697 1546 finem
715 1509 902 1560 sequendi
921 1509 1114 1556 fecerunt,
1142 1519 1261 1562 quam

102 1586 214 1610 muro
234 1572 365 1623 oppidi
384 1571 583 1622 portisque
613 1571 981 1621 appropinquarent.
1037 1571 1138 1609 Tum
1163 1585 1256 1610 vero

94 1644 156 1672 cx
185 1634 362 1672 omnibus
382 1632 485 1670 urbis
513 1632 685 1683 partibus
704 1639 790 1668 orto
811 1631 992 1678 elamore,
1022 1633 1087 1683 qui
1105 1633 1261 1683 longius

104 1697 278 1741 aberant,
311 1694 513 1746 repentino
533 1693 701 1730 tumultu
727 1693 936 1744 perterriti,
969 1706 1087 1744 quum
1107 1694 1258 1731 hostem

103 1757 205 1795 intra
222 1763 352 1808 portas
372 1767 456 1792 esse.
476 1754 756 1799 existimarent,
787 1767 869 1790 sese*
886 1767 935 1791 ex
965 1755 1108 1805 oppido
1129 1757 1257 1806 eJece-

103 1826 206 1856 runt.
261 1816 578 1854 Matresfamiliae
598 1816 646 1852 de
667 1828 775 1852 muro
799 1822 944 1853 vestem
973 1823 1257 1867 argentumque

99 1880 321 1929 jactabant;
340 1884 393 1924 et,
412 1877 581 1929 pectoris
600 1877 676 1914 fine
695 1876 971 1927 prominentes,
990 1877 1113 1927 passis
1132 1878 1254 1915 inani-

102 1940 175 1978 bus
207 1940 500 1977 obtestabantur
522 1938 730 1983 Romanos,
763 1945 805 1975 ut
823 1937 893 1974 sibi
914 1945 1132 1987 parcerent,
1167 1951 1257 1984 neu,

104 2001 204 2038 sicut
237 2000 391 2038 Avarici
413 2000 607 2046 fecissent,
635 2012 684 2036 ne
705 1999 928 2036 mulieribus
957 2000 1112 2050 quidem
1138 2007 1257 2051 atque

104 2061 316 2099 infantibus
344 2061 594 2098 abstinerent.
632 2059 854 2105 nonnullae,
884 2059 932 2097 de
951 2059 1070 2096 muris
1088 2072 1158 2109 per
1177 2072 1258 2097 rna-

103 2136 176 2161 nus
195 2123 398 2168 demissae,
430 2135 514 2160 sese
541 2120 726 2158 militibus
753 2120 969 2158 tradebant.
1024 2119 1069 2156 L.
1101 2119 1256 2167 Fabius,

105 2184 283 2223 centurio
302 2183 466 2234 legionis
487 2194 585 2228 V111,
606 2195 718 2233 quem
740 2182 839 2219 inter
858 2194 947 2218 suos
967 2194 1013 2219 eo
1032 2181 1094 2219 die
1113 2182 1258 2220 dixisse

107 2246 322 2291 constabat,
343 2244 504 2282 excitari
524 2256 564 2293 se
588 2243 889 2281 Avaricensibus
907 2243 1099 2294 praemiis,
1129 2256 1258 2294 neque

107 2306 412 2354 commissurum,
433 2314 475 2345 ut
488 2305 594 2358 prius
608 2305 810 2357 quisquam
822 2317 972 2345 murum
985 2305 1256 2352 adscenderet,
