1556 2683
601 306 766 345 LIBER
819 307 851 345 1.
1201 294 1206 307 ²
1227 312 1303 349 239

163 422 238 456 sor,
259 422 340 447 sese
361 410 500 448 iturum
519 409 569 447 ad
594 410 810 456 Caesarem,
831 410 920 446 item
941 409 987 446 L.
1009 409 1171 447 Roscius
1190 407 1299 460 p'rae-

164 478 236 515 tor,
268 471 331 520 qui
351 471 398 508 ‹le
418 471 474 508 his
503 472 615 508 rebus
646 484 732 508 eum
753 471 942 508 doceant:
984 482 1028 506 V1
1050 470 1130 507 dies
1150 471 1199 507 ad
1217 484 1300 508 cam

162 542 242 566 rem
272 531 548 568 conficiendam
578 531 688 581 spatii
714 531 918 581 postulant.
973 530 1169 567 Dicuntur
1187 531 1301 568 etiam

164 602 187 625 a
202 590 394 626 nonnullis
411 590 638 635 sententiae,
658 597 701 627 ut
720 590 834 640 legati
856 590 904 627 ad
925 590 1126 628 Caesarem
1146 591 1301 627 mittan-

165 657 240 694 tur,
261 650 324 699 qui
345 650 580 687 voluntatem
600 660 753 688 senatus
773 651 807 688 ei
828 658 1055 701 proponant.

215 710 283 746 IV.
329 710 516 747 Omnibus
529 711 586 748 his
599 711 799 756 resistitur,
813 712 1064 762 omnibusque
1077 713 1198 750 oratio
1212 725 1302 751 con-

162 771 268 817 suns,
289 771 491 821 Scipionis,
521 771 692 816 Catonis,
722 772 938 821 opponitur.
993 772 1179 810 Catonem
1197 781 1303 811 vete-

164 844 225 868 res
254 831 472 869 inimicitiae
505 832 678 869 Caesaris
711 831 886 877 incitant,
919 839 957 868 ct
982 832 1090 869 dolor
1119 834 1305 883 repulsae,

162 891 351 929 Lentulus
370 892 467 930 aeris
483 892 596 929 alieni
615 892 891 942 magnitudine,
911 900 949 929 et
965 905 1030 943 spe
1046 894 1240 931 exercitus
1259 908 1305 933 ac

163 951 457 1000 provinciarum,
478 959 517 989 et
535 964 669 1001 regum
689 952 1004 1002 appellandorum
1024 953 1304 1003 largitionibus,

163 1018 359 1048 movetur:
379 1024 498 1062 seque
516 1011 677 1050 alterum
691 1012 774 1049 fore
792 1012 935 1049 Sullam
951 1014 1050 1050 inter
1065 1027 1153 1051 suos
1167 1016 1306 1064 gloria-

165 1079 241 1117 tur,
269 1072 317 1108 ad
337 1085 449 1122 quem
469 1085 615 1110 summa
632 1073 780 1124 imperii
799 1073 942 1110 redeat.
997 1074 1214 1125 Scipionem
1243 1090 1305 1114 ea-

163 1132 250 1169 dem
270 1145 356 1182 spes
376 1133 594 1183 provinciae
613 1140 729 1183 atque
748 1133 989 1170 exercituum
1010 1134 1183 1184 impellit,
1212 1150 1307 1187 quos

163 1206 205 1231 se
219 1206 289 1243 pro
304 1193 585 1230 necessitudine
601 1194 829 1243 partiturum
847 1206 933 1230 cum
950 1193 1133 1244 Pompeio
1148 1198 1306 1236 arbitra-

165 1260 227 1290 tur
244 1269 253 1296 ;
279 1253 390 1290 simul
405 1253 638 1302 judiciorum
657 1260 795 1298 metus,
816 1253 984 1290 adulatio
1003 1260 1117 1303 atque
1138 1264 1308 1294 ostenta-

164 1314 218 1350 tio
238 1315 296 1351 sui
315 1321 354 1351 et
373 1313 602 1364 potentium,
623 1315 687 1364 qui
707 1313 744 1350 in
764 1313 963 1364 repubHca
977 1315 1208 1366 judiciisque
1227 1325 1309 1354 tum

162 1374 367 1424 plurimum
380 1373 589 1424 pollebant.
631 1374 717 1424 lpse
734 1373 952 1424 Pompeius,
968 1375 1015 1411 ab
1031 1375 1193 1413 inimicis
1209 1378 1306 1415 Cae·

163 1436 255 1473 saris
275 1435 468 1480 incitatus,
489 1442 528 1472 et
546 1434 650 1484 quod
669 1434 860 1471 neminem
881 1447 1012 1472 secum
1032 1435 1220 1486 dignitate
1240 1451 1308 1476 ex-

162 1497 318 1548 aequari
336 1496 501 1541 volebat,
534 1502 658 1532 totum
678 1507 718 1532 se
737 1496 784 1532 ab
805 1497 888 1544 ejus
906 1495 1074 1533 amicitia
1100 1507 1308 1546 averterat,

164 1566 202 1594 et
218 1570 304 1594 cum
320 1556 585 1594 communibus
600 1555 761 1592 inimicis
776 1555 814 1591 in
834 1555 994 1604 gratiam
1014 1556 1193 1603 redierat,
1214 1571 1308 1608 quo-

163 1631 247 1656 rum
267 1618 347 1668 ipse
367 1617 570 1654 maximam
589 1624 736 1666 partem
756 1616 820 1653 illo
840 1616 1030 1654 affinitatis
1057 1625 1231 1668 tempore
1252 1619 1308 1655 in-

160 1681 343 1727 junxerat
363 1677 540 1714 Caesari:
577 1677 687 1713 simul
708 1676 861 1713 infamia
882 1688 914 1712 11
934 1677 1130 1726 legionum
1158 1691 1310 1728 permo-

162 1747 237 1785 tus,
271 1752 364 1789 quas
384 1739 431 1775 ab
459 1738 595 1774 itinere
616 1738 733 1775 Asiae
754 1738 964 1788 Syriaeque
983 1738 1030 1774 ad
1050 1751 1155 1775 :suam
1175 1747 1309 1788 poten-

165 1800 256 1838 tiam
276 1800 589 1848 dominatumque
609 1805 863 1844 converterat,
885 1812 962 1835 rem
979 1798 1026 1835 ad
1045 1811 1149 1836 arma
1171 1799 1311 1838 deduci

166 1861 361 1898 studebat.

216 1921 264 1958 V.
319 1921 393 1958 His
421 1921 469 1958 de
489 1920 630 1958 caussis
655 1927 822 1970 aguntur
851 1920 978 1957 omnia
1007 1921 1162 1972 ruptim,
1194 1928 1310 1972 atque

164 1983 335 2025 turbate3
354 1994 427 2020 nec
442 1981 607 2018 docendi
624 1981 796 2018 Caesaris
809 1981 1032 2031 propinquis
1048 1983 1130 2030 ejus
1145 1982 1309 2031 spatium

165 2044 298 2085 datur;
317 2055 389 2079 nec
409 2041 570 2079 tribunis
590 2041 710 2092 plebis
725 2041 783 2078 sui
799 2040 957 2091 periculi
976 2041 1221 2091 deprecandi,
1243 2055 1309 2078 ne-

164 2117 239 2155 que
260 2103 375 2141 etiam
396 2102 558 2140 extremi
573 2102 669 2152 juris
688 2101 962 2139 intercessione
982 2102 1186 2147 retinendi,
1206 2102 1311 2152 quod

163 2166 211 2202 L.
232 2165 336 2202 Sulla
355 2164 574 2214 reliquerat,
594 2163 755 2200 facultas
774 2162 980 2205 tribuitur3
1007 2162 1074 2199 sed
1093 2162 1140 2199 de
1161 2175 1229 2200 sua
1252 2176 1311 2200 sa·

164 2226 245 2263 lute
267 2239 328 2262 vu
351 2224 412 2262 die
433 2223 608 2273 cogitare
625 2230 832 2273 coguntur3
860 2223 963 2273 quod
982 2223 1035 2259 illi
1062 2224 1310 2261 turbulentis-

166 2286 250 2323 simi
271 2285 532 2336 superioribus
551 2283 787 2333 temporibus
807 2283 949 2320 tribuni
982 2283 1103 2333 plebis
1125 2296 1186 2320 iix
1204 2284 1312 2322 deni·

167 2360 241 2397 que
259 2360 390 2385 mense
409 2358 562 2384 suarum
580 2345 774 2383 actionum
794 2345 982 2395 respicere
998 2357 1043 2382 ac
1064 2345 1197 2382 timere
1218 2358 1310 2383 con-
