1556 2683
555 220 724 258 LIBER
777 220 847 258 IV.
1238 225 1283 260 91

191 323 378 362 XXXIV.
432 323 581 366 Quibus
600 324 730 370 rebus,
759 323 995 375 perturbatis
1013 324 1153 363 nostris
1181 324 1289 362 novi-

137 391 219 424 tate
238 398 407 436 pugnae,
438 394 613 436 tempore
633 385 971 436 opportunissimo,
992 386 1134 424 Caesar
1154 386 1290 423 auxili-

136 458 200 484 um
222 448 331 484 tulit:
362 459 527 498 namque
555 448 638 497 ejus
657 447 825 485 adventu
857 447 988 485 hostes
1018 448 1290 493 constiterunt,

135 508 255 546 nostri
275 520 316 546 se
336 521 385 546 ex
401 509 537 546 timore
558 515 802 560 receperunt.
856 510 944 550 Quo
962 508 1082 554 facto,
1102 508 1151 546 ad
1169 508 1290 545 laces-

133 569 297 606 sendum
317 579 356 607 et
372 571 422 608 ad
446 571 766 609 committendum
797 570 986 621 proelium
1017 570 1185 608 alienum
1207 581 1291 606 esse

132 637 287 681 tempus
319 631 538 677 arbitratus,
572 645 641 670 suo
671 645 712 670 se
740 633 826 670 loco
855 632 1073 674 continuit3
1101 639 1154 676 et,
1182 630 1291 668 brevi

133 698 309 743 tempore
329 693 561 740 intermisso,
582 693 620 730 in
637 701 763 731 castra
782 694 954 743 legiones
974 692 1142 730 reduxit.
1183 692 1291 729 Dum

132 753 231 792 haec
250 762 452 804 geruntur,
481 754 622 792 nostris
642 755 821 792 omnibus
849 755 1062 804 occupatis,
1096 753 1160 804 qui
1180 760 1291 791 erant

130 814 171 852 in
186 815 288 866 agris
308 816 444 867 reliqui
462 816 736 854 discesserunt.
792 816 958 854 Secutae
974 823 1064 853 sunt
1084 815 1290 853 continuos

131 877 350 927 complures
370 878 452 915 dies
467 884 732 928 tempestates,
753 890 851 928 quae
868 886 907 915 et
926 885 1078 914 nostros
1097 876 1135 913 in
1156 877 1290 914 castris

132 939 393 983 continerent,
414 946 453 976 et
474 939 624 976 hostem
645 952 667 976 a
685 951 817 990 pugna
843 938 1108 989 prohiberent.
1163 937 1290 975 Inter-

129 998 181 1036 im
201 1000 353 1037 barbari
370 1001 532 1038 nuncios
552 1000 589 1037 in
610 1013 743 1037 omnes
762 1008 890 1051 partes
922 1000 1164 1044 dimiserunt,
1194 1013 1289 1049 pau-

130 1061 367 1113 citatemque
397 1070 616 1099 nostrorum
647 1061 812 1098 militum
839 1060 917 1098 suis
945 1060 1290 1111 praedicaverunt:

129 1129 183 1168 et,
204 1130 348 1173 quanta
364 1123 528 1174 praedae
545 1122 762 1168 faciendae,
782 1129 900 1173 atque
921 1122 958 1159 in
978 1129 1211 1172 perpetuum
1231 1122 1290 1158 sui

127 1181 334 1229 liberandi,
366 1182 529 1220 facultas
557 1183 728 1229 daretur,
760 1183 790 1220 si
827 1183 1023 1220 Romanos
1053 1181 1188 1219 castris
1221 1195 1290 1220 ex-

126 1243 329 1293 pulissent,
349 1244 722 1282 demonstraverunt.
765 1244 838 1282 His
854 1245 969 1281 rebus
985 1244 1164 1282 celeriter
1183 1256 1290 1294 mag-

127 1317 180 1342 na
197 1305 447 1343 multitudine
467 1306 662 1356 peditatus
678 1305 949 1357 equitatusque
965 1312 1116 1351 coacta,
1137 1305 1185 1342 ad
1205 1317 1288 1344 cas-

128 1372 190 1404 tra
209 1374 412 1404 venerunt.

183 1428 350 1466 XXXV.
406 1428 562 1474 Caesar,
583 1428 653 1466 etsi
671 1428 786 1475 idem,
807 1426 912 1479 quod
926 1427 1188 1478 superioribus
1206 1427 1288 1465 die-

128 1489 202 1527 bus
221 1489 431 1535 acciderat,
453 1489 535 1527 fore
555 1490 722 1535 videbat,
744 1497 801 1535 ut,
821 1489 851 1526 si
868 1496 996 1526 essent
1025 1489 1155 1525 hostes
1176 1488 1289 1537 pulsi,

127 1550 329 1588 celeritate
354 1538 828 1601 periculum‘effugerenu
856 1558 999 1596 tamen,
1027 1557 1164 1587 nactus
1182 1550 1290 1600 equi-

127 1617 187 1649 tes
220 1611 374 1649 circiter
406 1624 502 1658 xxx,
534 1625 630 1663 quos
664 1612 877 1657 Commius,
907 1611 1090 1656 Atrebas,
1124 1611 1172 1648 de
1211 1623 1288 1662 quo

128 1679 220 1710 ante
251 1672 398 1710 dictum
419 1680 490 1719 est,
522 1686 653 1711 secum
683 1679 1026 1723 transportaverat,
1055 1672 1229 1722 legiones
1249 1672 1287 1708 in

127 1734 212 1772 acie
245 1735 315 1785 pro
343 1734 477 1772 castris
506 1734 719 1773 constituit.
774 1734 990 1772 Commisso
1009 1733 1173 1784 proelio,
1202 1733 1287 1770 diu-

126 1795 205 1833 tius
224 1804 443 1833 nostrorum
463 1796 626 1833 militurn
648 1796 832 1846 impeturn
854 1797 985 1832 hostes
999 1793 1099 1832 ferre
1121 1807 1198 1830 non
1218 1807 1287 1845 po-

127 1864 299 1903 tuerunt,
319 1869 364 1895 ac
384 1864 494 1908 terga
513 1864 737 1895 verterunt:
758 1868 855 1907 quos
876 1863 983 1893 tanto
1003 1855 1128 1906 spatio
1147 1856 1286 1902 secuti,

128 1923 315 1967 quantum
344 1930 459 1955 cursu
489 1925 529 1955 et
560 1918 706 1955 viribus
738 1916 889 1954 efficere
918 1923 1143 1967 potuerunt,
1181 1929 1286 1954 com-

127 1977 257 2028 plures
277 1991 326 2016 ex
347 1979 391 2016 iis
412 1978 665 2022 occiderunt3
684 1978 838 2023 deinde,
859 1979 1035 2016 omnibus
1055 1978 1170 2027 longe
1190 1979 1285 2016 late-

127 2051 204 2090 que
223 2039 385 2085 afflictis,
413 2039 672 2090 incensisque,
701 2053 742 2078 se
761 2039 799 2077 in
820 2047 945 2077 castra
966 2046 1214 2090 receperunt.

181 2100 367 2139 XXXVI.
422 2100 570 2139 Eodem
600 2101 662 2139 die
687 2102 804 2152 legati
831 2102 878 2139 ab
904 2101 1077 2139 hostibus
1104 2100 1206 2138 missi
1235 2100 1286 2139 ad

128 2161 335 2200 caesarem
355 2162 404 2200 de
433 2175 530 2213 pace
549 2171 751 2200 venerunt.
808 2163 881 2199 His
911 2163 1053 2200 Caesar
1082 2175 1285 2200 numerum

127 2223 318 2269 obsidum,
349 2237 463 2274 quem
493 2231 608 2262 antea
626 2224 896 2275 imperaverat,
931 2224 1162 2274 duplicavit3
1199 2237 1284 2262 eos-

128 2296 204 2338 que
233 2284 274 2322 in
305 2284 571 2324 continentem
590 2284 733 2324 adduci
757 2285 888 2335 jussit,
918 2285 1036 2337 quod,
1067 2285 1286 2338 propinqua
