1556 2683
292 231 342 266 90
595 227 669 264 DE
711 226 891 265 BELLO
934 227 1179 266 GALLICO

291 329 331 366 in
351 336 475 367 castra
492 330 711 376 ventitaret,
728 331 766 376 ii,
788 331 851 381 qui
864 343 933 381 pro
948 330 1068 381 portis
1082 331 1295 369 castrorum
1311 331 1349 369 in
1364 340 1442 371 sta-¹

289 391 396 428 tione
416 399 539 436 erant,
570 381 724 428 Caesari
745 392 1082 438 renunciaverunt,
1102 392 1298 442 pulverem
1318 396 1440 443 majo-

289 466 382 497 rem,
430 466 541 503 quam
582 451 822 489 consuetudo
854 452 985 497 ferret,
1018 452 1055 489 in
1088 465 1133 490 ea
1167 461 1275 502 parte
1306 454 1441 500 videri,

290 526 401 564 quam
421 513 458 550 in
478 521 626 564 partem
659 513 762 562 legio
782 513 854 551 iter
872 513 1039 551 fecisset.
1093 514 1249 559 Caesar,
1277 514 1317 552 id
1337 515 1442 565 quod

287 582 383 620 erat,
413 575 640 625 suspicatus,
669 574 813 625 aliquid
833 574 920 612 novi
940 574 1150 612 abarbaris
1178 573 1314 613 initum
1347 589 1439 614 con-

286 636 373 682 silii,
394 636 586 681 cohortes,
608 648 706 686 quae
720 636 758 672 in
773 635 1001 673 stationibus
1014 643 1137 681 erant,
1154 648 1285 673 secum
1299 636 1336 673 in
1353 650 1439 675 eam

285 705 434 748 partem
449 696 656 747 proficisci,
676 697 769 733 duas
789 709 837 733 ex
859 696 1014 747 reliquis
1029 697 1066 732 in
1083 697 1287 735 stationem
1305 710 1440 736 succe-

284 758 391 802 dere,
412 758 577 808 reliquas
593 757 743 802 armari,
765 765 802 794 et
818 757 1021 794 confestim
1042 770 1125 795 sese
1145 758 1341 809 subsequi,
1356 761 1439 809 jus-

283 818 345 855 sit.
392 819 518 860 Quum
541 818 669 866 paullo
689 818 841 868 longius
862 831 883 855 a
903 818 1038 855 castris
1057 819 1321 869 processisset,
1348 833 1438 858 suos

283 880 331 917 ab
350 879 524 916 hostibus
544 879 679 929 premi,
709 886 824 928 atque
844 891 958 928 aegre
977 879 1180 925 sustinere,
1202 888 1241 918 et
1262 880 1438 920 conferta

281 940 436 990 legione
461 952 512 976 ex
532 940 706 976 omnibus
726 939 900 989 partibus
919 940 996 976 tela
1016 940 1171 990 conjici,
1198 941 1438 979 animadver-

282 1002 342 1039 tit.
361 1015 462 1046 nam,
482 1000 600 1052 quod,
617 1001 719 1037 omni
735 1014 783 1038 ex
801 1000 955 1051 reliquis
971 1001 1144 1051 partibus
1160 1001 1337 1039 demesso
1357 1002 1437 1041 fru-

281 1072 427 1107 mento,
461 1075 547 1113 pars
568 1075 642 1099 una
673 1069 756 1098 erat
783 1061 943 1112 reliqua,
972 1062 1153 1112 suspicati
1183 1063 1327 1110 hostes,
1358 1064 1436 1104 huc

280 1133 432 1161 nostros
477 1136 560 1160 esse
594 1129 790 1168 venturos,
823 1131 942 1160 noctu
970 1123 1008 1160 in
1047 1123 1150 1160 silvis
1177 1124 1437 1164 delituerant:

280 1192 361 1223 tum
383 1185 589 1235 dispersos,
610 1183 793 1234 depositis
812 1184 941 1229 armis,
962 1184 999 1221 in
1019 1185 1202 1222 metendo
1223 1195 1437 1237 occupatos

279 1246 408 1283 subito
428 1245 565 1290 adorti,
599 1244 731 1294 paucis
752 1244 980 1289 interfectis,
1009 1245 1176 1295 reliquos
1197 1245 1353 1284 incertis
1373 1260 1435 1284 or-

278 1307 431 1344 dinibus
451 1307 798 1356 perturbaverant3
825 1306 936 1343 simul
956 1306 1131 1356 equitatu
1154 1314 1271 1358 atque
1291 1308 1436 1346 essedis

279 1367 628 1406 circumdederant.

331 1429 520 1466 XXXIII.
576 1428 710 1466 Genus
723 1428 798 1466 hoc
811 1435 870 1466 est
890 1443 938 1467 cx
955 1428 1098 1466 essedis
1113 1442 1287 1480 pugnae:
1309 1431 1434 1480 primo

279 1503 348 1541 per
385 1502 516 1527 omnes
535 1496 664 1539 partes
683 1490 941 1540 perequitant,
969 1497 1008 1527 et
1028 1489 1105 1527 tela
1125 1490 1348 1540 conjiciunt,
1377 1499 1434 1529 at-

279 1565 354 1602 quc
376 1551 457 1601 ipso
477 1558 624 1588 terrore
644 1564 845 1601 equorum,
874 1558 913 1588 et
932 1551 1096 1601 strepitu
1116 1558 1299 1597 rotarum,
1329 1552 1432 1590 ordi-

277 1626 346 1650 nes
376 1613 604 1663 plerumque
634 1613 884 1662 perturbant:
912 1619 964 1658 et,
998 1626 1112 1663 quum
1133 1626 1173 1650 se
1194 1613 1293 1651 inter
1325 1614 1433 1665 equi-

276 1681 358 1712 tum
380 1682 523 1711 turmas
543 1674 799 1719 insinuavere,
820 1687 869 1711 ex
889 1675 1031 1712 essedis
1052 1674 1247 1720 desiliunt,
1267 1682 1304 1712 et
1323 1675 1433 1726 pedi-

275 1735 346 1772 bus
362 1734 609 1784 proeliantur.
668 1734 841 1784 Aurigae
860 1734 1011 1772 interim
1031 1734 1229 1785 paullatim
1250 1747 1298 1772 ex
1319 1748 1432 1786 proe-

277 1796 329 1833 lio
350 1796 559 1842 excedunt,
589 1803 704 1847 atque
724 1796 776 1833 ita
796 1808 929 1834 currus
958 1796 1164 1841 collocant,
1196 1803 1252 1842 ut,
1284 1796 1315 1833 si
1335 1796 1388 1834 illi
1407 1809 1432 1835 a

275 1856 523 1894 multitudine
551 1857 719 1894 hostiurn
748 1864 985 1907 premantur,
1015 1856 1241 1907 expeditum
1267 1858 1315 1894 ad
1341 1870 1431 1896 suos

275 1925 474 1968 receptum
492 1918 671 1955 habeant.
727 1918 787 1955 Ita
802 1918 1054 1956 mobilitatem
1075 1918 1262 1969 equitum,
1283 1920 1430 1958 stabili-

275 1987 394 2017 tatem
416 1980 602 2031 peditum,
630 1981 666 2017 in
688 1980 844 2031 proeliis
863 1987 1082 2030 praestant3
1114 1993 1159 2017 ac
1179 1988 1329 2018 tantum
1358 1994 1430 2020 usu

275 2041 501 2091 quotidiano
532 2049 571 2079 et
598 2042 878 2079 exercitatione
907 2041 1091 2087 efficiunt,
1129 2048 1186 2087 ut,
1214 2041 1253 2078 in
1286 2041 1430 2080 declivi

274 2114 320 2139 ac
349 2102 550 2153 praecipiti
571 2103 671 2147 loco,
700 2102 878 2140 incitatos
898 2114 1017 2153 equos
1037 2102 1240 2148 sustinere,
1260 2110 1300 2140 et
1318 2103 1427 2141 brevi

274 2164 465 2201 moderari
485 2177 530 2201 ac
548 2164 722 2210 flectere,
751 2170 791 2201 et
810 2177 879 2214 per
898 2171 1092 2202 temonem
1113 2177 1355 2215 percurrere,
1388 2172 1429 2203 et

273 2224 312 2261 in
328 2227 423 2275 jugo
445 2226 632 2273 insistere,
652 2233 692 2264 et
710 2225 799 2265 inde
814 2238 855 2265 se
868 2225 908 2264 in
924 2238 1057 2265 currus
1077 2225 1258 2264 citissime
1277 2226 1428 2278 recipe·-

274 2299 329 2334 re,
361 2286 596 2326 consuerint.
