1556 2683
247 285 323 321 258
553 280 627 318 DE
673 280 851 319 BELLO
897 280 1066 318 CIVILI

248 384 395 426 Quibus
414 383 600 422 mandatis
618 384 800 434 acceptis,
820 383 1081 421 Massilienses
1094 390 1224 432 portas
1244 383 1383 421 Caesa-

247 446 277 482 ri
299 445 538 482 clauserant:
569 444 744 489 Albicos,
770 444 952 480 barbaros
971 443 1157 489 homines,
1178 444 1242 493 qui
1260 444 1299 480 in
1318 457 1381 481 eo-

247 519 330 542 rum
349 506 422 543 fide
438 504 646 555 antiquitus
661 511 782 549 erant,
801 511 1028 554 montesque
1048 516 1162 554 supra
1174 503 1384 541 Massiliam

246 565 481 611 incolebant,
496 565 544 601 ad
563 577 603 602 se
622 571 875 602 vocaverant:
894 563 1129 602 frumentum
1149 577 1198 602 ex
1217 565 1383 602 finitimis

245 626 478 675 regionibus,
499 633 615 676 atque
634 638 683 662 ex
699 624 872 662 omnibus
892 625 1071 672 castelHS,
1090 626 1128 662 in
1141 625 1274 662 urbem
1293 638 1383 662 con-

246 694 454 725 vexerant:
494 698 685 723 armorum
719 685 885 722 officinas
918 685 957 721 in
986 686 1080 722 urbe
1116 685 1357 722 instituerant
1374 699 1382 722 :

247 760 391 792 muros,
411 747 584 792 classem,
604 753 746 796 portas,
766 745 1001 783 reficiebant.

298 807 462 845 XXXV.
516 806 664 844 Evocat
694 806 742 843 ad
774 819 814 843 se
847 806 987 843 Caesar
1002 805 1296 844 Massiliensium
1329 819 1383 845 xv

246 866 410 915 primos:
439 879 525 903 cum
545 865 604 902 his
633 865 727 915 agit,
757 878 806 902 ne
835 865 984 902 initium
1013 865 1201 903 inferendi
1219 867 1308 903 belli
1336 868 1383 904 ab

245 926 549 964 Massiliensibus
568 926 734 963 oriatur:
763 925 905 962 debere
925 938 990 962 eos
1009 925 1141 963 Italiae
1160 927 1277 964 totius
1295 940 1385 965 auc-

244 987 436 1025 toritatem
456 987 562 1038 sequi
582 987 722 1037 potius,
749 1000 861 1037 quam
882 987 991 1023 unius
1018 986 1182 1024 hominis
1200 988 1386 1025 voluntati

246 1047 524 1098 obtemperare.
554 1047 731 1097 Reliqua,
752 1060 847 1098 quae
863 1048 912 1084 ad
926 1060 1056 1085 eorum
1075 1048 1260 1085 sanandas
1277 1061 1384 1086 men-

244 1115 302 1144 tes
323 1107 514 1158 pertinere
532 1108 799 1153 arbitrabatur,
833 1115 1117 1145 commemorat.
1163 1108 1283 1158 Cujus
1301 1121 1384 1146 ora-

245 1168 389 1205 tionem
408 1168 527 1218 legati
546 1168 701 1205 domum
721 1168 906 1214 referunt,
938 1176 1054 1219 atque
1080 1181 1128 1206 ex
1156 1169 1384 1207 auctoritate

243 1227 341 1265 haec
361 1229 516 1266 Caesari
534 1229 786 1266 renunciant:
814 1229 1028 1279 intelligere
1048 1241 1102 1275 se,
1122 1229 1283 1266 divisum
1302 1242 1386 1267 esse

245 1288 428 1339 populum
450 1288 666 1326 Romanum
686 1288 723 1325 in
738 1296 866 1338 partes
885 1289 995 1326 duas:
1016 1302 1142 1340 neque
1162 1290 1218 1327 sui
1233 1290 1383 1339 judicii,

245 1361 371 1398 neque
390 1362 542 1386 suarum
558 1362 639 1386 esse
655 1349 804 1395 virium,
825 1350 1033 1387 decernere
1053 1357 1138 1388 utra
1152 1363 1237 1401 pars
1248 1351 1384 1400 justio-

242 1422 325 1446 rem
344 1409 483 1447 habeat
509 1422 698 1447 caussam:
726 1410 918 1460 principes
936 1423 1026 1447 vero
1053 1423 1134 1448 esse
1150 1423 1280 1448 earum
1298 1424 1384 1462 par-

243 1470 338 1507 tium
359 1471 430 1508 Cn.
450 1470 675 1520 Pompeium
695 1477 734 1507 et
755 1471 798 1508 C.
819 1470 1035 1517 Caesarem,
1054 1478 1235 1522 patronos
1254 1472 1384 1510 civita-

242 1531 313 1568 tis:
342 1544 505 1581 quorum
525 1531 621 1568 alter
636 1544 748 1581 agros
775 1531 982 1569 Volcarum
1006 1532 1324 1570 Arecomicorum
1343 1541 1383 1571 et

243 1592 471 1630 Helviorum
490 1592 644 1642 publice
659 1592 702 1629 iis
719 1592 950 1630 concesserit
965 1608 973 1636 ;
1005 1593 1114 1638 alter,
1132 1593 1233 1630 bello
1251 1594 1385 1640 victas,

245 1653 389 1690 GaIIIas
409 1652 640 1698 attribuerit,
659 1653 938 1703 vectigaliaque
954 1654 1117 1691 auxerit.
1158 1655 1298 1700 Quare,
1317 1667 1383 1705 pa-

243 1714 349 1751 ribus
377 1726 509 1751 eorum
524 1714 734 1759 beneficiis,
768 1727 897 1764 parem
917 1727 957 1752 se
977 1727 1130 1765 quoque
1149 1715 1383 1753 voluntatem

241 1774 410 1811 tribuere
439 1773 594 1819 debere,
626 1782 665 1812 et
685 1782 862 1811 neutrum
894 1787 1024 1812 eorum
1058 1782 1191 1812 contra
1220 1775 1382 1813 alterum

236 1837 387 1885 juvare,
416 1841 482 1872 aut
501 1835 596 1872 urbe
622 1841 688 1872 aut
719 1835 891 1886 portibus
918 1835 1103 1886 recipere.

295 1896 481 1932 XXXVI.
536 1895 647 1932 Haec
674 1896 764 1932 dum
793 1895 971 1933 intereos
991 1903 1170 1946 aguntur,
1189 1896 1382 1934 Domitius

241 1958 401 1995 navibus
436 1956 647 1997 Massiliam
668 1956 866 2007 pervenit3
893 1966 1022 2008 atque,
1051 1957 1097 1994 ab
1118 1957 1161 1994 iis
1190 1965 1381 2008 receptus,

242 2009 327 2056 urbi
347 2018 578 2068 praeficitur.
634 2017 790 2059 Summa
809 2018 843 2055 ei
861 2018 952 2055 belli
981 2018 1267 2056 administrandi
1295 2032 1382 2069 per-

241 2078 418 2116 mittitur.
467 2077 560 2128 Ejus
580 2078 740 2128 imperio
761 2078 920 2115 classem
933 2092 1086 2129 quoquo
1105 2091 1235 2116 versus
1255 2079 1382 2116 dimit-

241 2146 352 2177 tunt:
382 2138 574 2176 onerarias
608 2151 737 2184 naves,
765 2151 858 2189 quas
876 2139 1016 2190 ubique
1045 2146 1217 2190 possunt,
1246 2139 1382 2189 depre-

238 2200 428 2245 hendunt,
461 2207 576 2250 atque
608 2198 646 2236 in
676 2206 828 2250 portum
849 2200 1069 2238 deducunt:
1097 2213 1230 2251 parum
1251 2200 1380 2246 clavis,

239 2269 305 2298 aut
323 2260 495 2306 materia,
523 2267 638 2311 atque
658 2260 915 2306 armamentis,
935 2260 1130 2298 instructis
1144 2260 1192 2298 ad
1219 2260 1382 2310 reliquas

239 2319 453 2367 armandas,
492 2319 807 2371 reficiendasque,
841 2327 1021 2359 utuntur:
1063 2320 1247 2359 frumenti
1278 2319 1381 2371 quod
