1556 2683
550 221 716 262 LIBER
770 222 839 261 IV.
1211 226 1262 263 89

113 326 232 366 endas
251 340 314 366 eas
334 327 418 365 usui
436 334 549 370 sunt;
575 335 629 373 et,
657 328 761 378 quod
780 326 958 364 omnibus
985 326 1186 364 constabat
1204 326 1261 363 hi-

110 401 239 426 emare
268 389 304 425 in
327 388 455 426 Gallia
474 396 667 439 oportere,
695 388 930 425 frumentum
958 387 1017 424 his
1037 387 1075 424 in
1107 387 1203 425 locis
1223 387 1261 424 in

110 449 278 487 hiemem
299 450 491 500 provisum
515 462 591 486 non
611 456 705 487 erat.

162 511 288 547 XXX.
343 511 493 553 Quibus
523 511 637 547 rebus
668 510 848 560 cognitis,
882 509 1075 560 principes
1108 509 1262 547 Britana

108 571 207 617 niae,
237 571 314 622 qui,
333 579 420 622 post
440 572 626 621 proelium
647 569 805 618 factum,
826 571 874 608 ad
893 583 951 616 ea,
982 584 1080 621 quae
1096 573 1264 621 jusserat

115 633 271 677 Caesar,
285 632 463 670 facienda
478 641 751 677 convenerant,
766 633 864 669 inter
877 644 917 669 se
931 632 1129 678 collocuti,
1145 645 1264 682 quum

111 693 276 742 equites,
293 700 331 729 et
348 700 526 738 naves,et
545 693 988 739 frunientumstzomanis
1002 693 1137 730 deesse
1152 693 1264 731 intel-

107 752 287 803 ligerent,
308 761 348 791 et
367 754 602 804 paucitatem
622 754 785 792 militum
802 766 851 791 ex
873 762 1084 791 castrorum
1113 753 1263 804 exigui-

110 821 192 851 tate
221 823 518 864 cognoscerent,
550 827 648 865 quae
668 815 742 853 hoc
762 822 870 852 erant
891 815 1006 852 etiam
1026 814 1264 865 angustiora,

111 875 215 925 quod
244 875 325 913 sine
358 876 642 925 impedimentis
669 876 812 913 Caesar
837 875 1010 926 legiones
1029 883 1264 927 transporta-

105 944 213 974 verat
227 952 235 978 ;
261 936 449 986 optimum
464 937 572 974 factu
587 949 671 974 esse
687 937 897 981 duxerunt,
917 937 1127 975 rebellione
1144 937 1262 984 facta,

107 997 303 1035 frumento
337 1006 632 1049 commeatuque
673 1006 825 1036 nostros
862 998 1081 1048 prohibere,
1114 1005 1153 1036 et
1182 1012 1264 1036 rem

111 1060 149 1096 in
180 1059 346 1096 hiemem
366 1060 606 1110 producere:
635 1059 753 1111 quod,
774 1059 818 1096 iis
837 1060 1038 1109 superatis,
1068 1068 1134 1098 aut
1161 1060 1263 1098 redi-

109 1128 152 1158 tu
172 1120 405 1167 interclusis,
424 1121 617 1158 neminem
638 1128 773 1171 postea
792 1119 882 1158 belli
911 1119 1103 1158 inferendi
1131 1133 1266 1159 caussa

106 1183 145 1219 in
163 1181 401 1219 Britanniam
419 1181 668 1219 transiturum
687 1182 946 1219 confidebant.
1000 1181 1153 1232 Itaque,
1182 1195 1266 1219 rur-

110 1255 174 1280 sus
203 1242 469 1293 conjuratione
487 1242 605 1287 facta,
635 1241 833 1292 paullatim
852 1253 902 1279 ex
923 1241 1057 1278 castris
1090 1241 1264 1280 discede-

110 1315 164 1349 re,
197 1317 241 1340 ac
270 1316 358 1341 suos
378 1304 476 1341 clam
498 1316 547 1341 ex
567 1303 668 1354 agris
698 1303 906 1348 deducere,
935 1310 1159 1353 coeperunt.

162 1364 313 1401 XXXI.
369 1366 425 1402 At
459 1365 614 1410 Caesar,
648 1364 720 1402 etsi
749 1363 920 1401 nondum
944 1375 1077 1400 eorum
1106 1364 1267 1402 consilia

109 1434 360 1476 cognoverat,
395 1434 524 1463 tamen
544 1434 583 1463 et
613 1438 662 1462 ex
683 1433 823 1463 eventu
844 1424 995 1461 navium
1024 1437 1193 1471 suarum,
1222 1433 1263 1463 et

106 1499 155 1523 ex
176 1499 236 1531 eo,
258 1486 361 1537 quod
381 1487 534 1525 obsides
554 1487 646 1524 dare
662 1487 961 1532 intermiserant,
981 1485 1064 1522 fore
1083 1485 1136 1531 id,
1158 1487 1263 1536 quod

107 1549 263 1593 accidit,
283 1549 562 1599 susp1cabatur.
620 1549 754 1599 Itaque
774 1548 821 1585 ad
852 1560 984 1585 omnes
1005 1559 1115 1584 casus
1134 1547 1259 1585 subsi-

110 1609 175 1647 dia
203 1611 462 1661 comparabat.
478 1624 565 1648 nam
586 1619 624 1648 et
644 1610 878 1646 frumentum
898 1621 949 1645 ex
967 1607 1070 1657 agris
1090 1609 1263 1659 quotidie

109 1671 148 1708 in
178 1679 304 1708 castra
340 1671 590 1715 conferebat;
636 1678 689 1716 et,
723 1682 822 1721 quae
850 1669 1073 1720 gravissime
1102 1669 1264 1708 afflictae

108 1741 220 1770 erant
247 1745 378 1778 naves,
407 1745 538 1770 earum
570 1732 732 1770 materia
764 1740 881 1782 atque
912 1744 1001 1768 aere
1030 1731 1078 1768 ad
1098 1732 1264 1783 reliquas

109 1794 338 1832 reficiendas
359 1795 559 1837 utebatur;
590 1802 642 1839 et,
676 1806 773 1844 quae
792 1794 841 1830 ad
860 1806 924 1830 eas
943 1806 1003 1830 res
1032 1801 1142 1831 erant
1162 1795 1262 1841 usui,-

106 1868 156 1892 ex
177 1854 393 1893 continenti
413 1855 645 1906 comportari
671 1855 845 1905 jubebat.
901 1854 1051 1905 Itaque,
1084 1869 1202 1905 quum
1221 1856 1262 1893 id

106 1928 257 1953 summo
288 1917 416 1953 studio
436 1929 459 1954 a
486 1917 669 1954 militibus
699 1916 1044 1962 administraretur,
1074 1928 1135 1953 ΧΠ
1156 1917 1261 1954 navi-

102 1978 175 2015 bus
219 1976 380 2024 amissis,
427 1977 582 2028 reliquis
615 1985 658 2016 ut
691 1977 863 2028 navigari
896 1977 1096 2015 commode
1128 1985 1261 2028 posset

106 2038 247 2077 effecit.

158 2099 331 2137 XXXII.
385 2100 490 2138 Dum
510 2114 556 2139 ea
574 2108 776 2153 geruntur,
795 2100 963 2152 legione,
982 2114 1032 2138 ex
1053 2107 1262 2139 consuetu-¹

107 2161 210 2206 dine,
240 2174 317 2198 una
335 2161 612 2200 frumentatum
631 2163 760 2210 missa,
781 2175 878 2213 quae
894 2162 1159 2213 appellabatur
1179 2173 1259 2209 vu,

105 2235 232 2273 neque
252 2223 330 2261 ulla
347 2223 395 2261 ad
415 2223 454 2261 id
483 2231 634 2276 tempus
653 2224 749 2262 belli
774 2223 992 2274 suspicione
1021 2223 1263 2275 interposita,

105 2295 222 2333 quum
242 2296 330 2334 pars
355 2284 555 2323 hominum
582 2285 622 2323 in
648 2285 750 2336 agris
780 2292 1010 2332 remaneret,
1037 2297 1126 2336 pars
1144 2284 1261 2323 etiam

185 2344 296 2382 ΤοΜ.
315 2344 348 2382 Ι.
710 2345 757 2383 M
