1556 2683
494 233 662 272 LIBER
715 233 807 271 vn.
986 252 988 255 >
1173 236 1242 274 175

95 346 202 377 tuum
224 339 500 384 controversia,
520 338 616 376 alter
633 350 704 389 pro
721 336 1046 382 Convictolitanc‚
1066 336 1163 374 alter
1178 350 1251 388 pro

92 400 206 445 Coto,
226 399 382 437 summis
402 399 537 449 opibus
571 405 850 450 pugnaverant.
904 397 965 435 Ex
986 397 1030 434 iis
1053 396 1241 447 Eporedi-

92 460 166 506 rix,
201 460 358 511 cognito
379 460 544 498 Litavici
565 459 737 505 consilio,
771 459 900 497 media
926 459 1008 496 fere
1029 466 1144 496 nocte
1165 471 1247 496 rem

95 522 145 560 ad.
165 522 370 560 Caesarem
386 522 535 565 defert;
563 528 661 567 orat,
681 534 730 559 ne
746 521 926 572 patiatur,
948 519 1143 558 civitatem
1160 533 1246 570 pra-

92 584 149 620 vis
168 583 474 621 adolescentium
494 583 661 620 consiliis
681 583 728 620 ab
748 582 918 620 amicitia
932 580 1064 632 populi
1082 580 1248 618 Romani

97 645 265 682 deficere
281 658 289 682 :
319 644 422 694 quod
440 644 612 681 futurum
631 643 846 695 provideat,
861 643 892 680 si
912 655 952 680 se
972 649 1031 680 tot
1049 642 1248 680 hominum

95 705 213 742 millia
227 718 314 742 cum
328 705 502 743 hostibus
516 704 804 755 conjunxerint,
825 717 988 754 quorum
1003 704 1165 742 salutem
1181 717 1247 741 ne-

95 766 397 818 que'propinqui
417 767 629 818 negligere,
658 779 786 817 neque
806 766 941 804 civitas
959 766 1032 804 levi
1052 774 1248 803 momento

96 828 299 866 aestimare
319 835 463 877 posset.

144 889 229 926 XL.
269 889 419 939 Magna
437 889 595 927 affectus
615 888 874 926 sollicitudine
889 889 965 926 hoc
978 888 1135 934 nuncio,
1151 889 1248 927 Cae-

95 963 169 997 sar,
189 950 293 1001 quod
312 963 464 1001 semper
487 951 714 987 Aeduorum
735 950 880 988 civitati
899 951 1107 1001 praecipue
1124 950 1249 988 indul-

95 1021 210 1058 serat,
244 1013 349 1049 nulla
368 1012 594 1063 interposita
618 1012 875 1057 dubitatione,
896 1011 1068 1061 legiones
1088 1011 1248 1062 expedi·

94 1082 153 1112 tas
175 1086 220 1110 iv
240 1074 532 1125 equitatumque
565 1087 718 1112 omnem
751 1086 800 1110 ex
835 1073 970 1111 castris
989 1073 1147 1110 educit:
1176 1086 1250 1111 nec

94 1136 167 1173 fuit
186 1136 352 1186 spatium
370 1134 436 1172 tali
452 1143 626 1185 tempore
640 1135 689 1172 ad
704 1134 971 1172 contrahenda
987 1142 1125 1180 castra,
1145 1134 1250 1185 quod

94 1210 154 1235 res
173 1197 299 1248 posita
319 1197 357 1233 in
378 1196 578 1234 celeritate
597 1195 813 1233 videbatur.
882 1196 927 1234 C.
961 1195 1120 1233 Fabium
1144 1196 1250 1244 lega-

94 1267 176 1296 tum
214 1271 302 1296 cum
336 1258 554 1308 legionibus
588 1269 620 1294 11
659 1257 794 1295 castris
830 1257 1022 1308 praesidio
1055 1257 1252 1308 relinquit.

98 1320 250 1358 Fratres
269 1319 435 1358 Litavici
455 1333 573 1371 quum
595 1319 871 1370 comprehendi
899 1319 1088 1368 jussisset,
1120 1318 1252 1368 paullo

94 1388 184 1418 ante
203 1381 347 1432 reperit
358 1380 407 1418 ad
422 1381 552 1418 hostes
572 1380 802 1431 profugisse.
841 1380 1083 1418 Adhortatus
1096 1380 1251 1425 milites,

97 1455 146 1480 ne
166 1442 384 1481 necessario
404 1449 579 1493 tempore
605 1442 750 1480 itineris
778 1442 909 1480 labore
939 1448 1254 1492 permoveantur,

96 1503 352 1555 cupidiSsimis
366 1504 558 1550 omnibus,
577 1516 804 1554 progressus
823 1503 943 1541 millia
957 1516 1136 1554 passuum
1152 1515 1251 1548 xxv,

101 1578 240 1616 agmen
262 1566 489 1603 Aeduorum
503 1565 761 1616 conspicatus,
782 1565 949 1602 immisso
970 1564 1158 1615 equitatu,
1178 1563 1252 1601 iter

98 1639 235 1664 eorum
267 1634 452 1673 moratur,
481 1634 598 1678 atque
625 1626 809 1677 impedit3
837 1626 1110 1676 interdicitque
1130 1625 1252 1662 omni-

100 1688 185 1734 bus,
219 1700 268 1724 ne
305 1700 537 1738 quemquam
557 1687 802 1725 interficiant.
870 1687 1180 1738 Eporedirigem‚
1213 1693 1254 1724 et

100 1748 389 1793 virdumarum,
409 1761 504 1798 quos
521 1748 573 1784 illi
589 1747 814 1785 interfectos
833 1747 1120 1792 existimabant,
1153 1746 1254 1783 inter

97 1810 248 1861 equites
266 1810 424 1855 versari,
454 1822 619 1860 suosque
639 1809 847 1860 appellare,
870 1809 995 1858 jubet.
1048 1808 1100 1844 lis
1121 1807 1253 1858 cogni-

99 1871 162 1917 tis,
192 1878 231 1909 et
251 1871 415 1909 Litavici
444 1871 579 1909 fraude
608 1878 826 1922 perspecta,
858 1869 987 1907 Aedui
1006 1882 1141 1906 manus
1168 1876 1252 1906 ten-

100 1932 206 1978 dere,
223 1932 461 1970 deditIOnem
481 1932 714 1983 significare,
730 1940 782 1978 et,
802 1931 986 1982 projectis
1005 1930 1132 1976 armis,
1152 1943 1253 1967 mor-

99 2002 178 2033 tem
198 1994 400 2044 deprecari
421 1993 622 2045 incipiunt.
687 1993 885 2032 Litavicus
905 2005 992 2030 cum
1012 1993 1089 2030 suis
1105 1991 1255 2029 clienti-

96 2055 182 2100 bus,
203 2055 355 2106 quibus,
371 2068 477 2092 more
499 2054 716 2100 Gallorum,
735 2053 844 2092 nefas
860 2061 919 2091 est
938 2053 1053 2091 etiam
1071 2053 1108 2090 in
1124 2060 1255 2090 extre·

103 2129 165 2154 ma
182 2117 338 2154 fortuna
357 2117 536 2155 deserere
556 2124 752 2168 patronos,
775 2115 1007 2166 Gergoviam
1029 2114 1213 2166 profugit.

151 2178 257 2215 XLI.
313 2179 470 2224 Caesar,
516 2178 668 2216 nunciis
700 2178 749 2215 ad
787 2177 983 2215 civitatem
1025 2177 1254 2214 Aeduorum

101 2239 238 2286 missis,
271 2240 335 2291 qui
355 2253 424 2277 suo
444 2240 634 2278 beneficio
655 2246 903 2278 conservatos
929 2238 1130 2284 docerent,
1159 2251 1254 2290 quos

96 2303 184 2352 jure
203 2302 294 2340 belli
314 2302 532 2340 interficere
552 2301 755 2352 potuisset,
783 2300 984 2351 tribusque
1003 2300 1108 2338 horis
1127 2299 1256 2337 noctis
