1556 2683
567 289 733 327 LIBER
786 288 840 327 11.
1234 292 1283 328 39

132 394 333 437 dicebant;
362 400 566 446 propterea
586 394 702 443 quod,
722 391 1072 444 propinquitatibus
1091 391 1282 429 affinitati·

130 457 279 507 busque
300 456 511 505 conjuncti,
545 462 727 505 quantam
756 455 918 505 quisque
938 452 1222 491 multitudinem
1243 452 1284 489 in

132 519 326 556 communi
351 518 552 567 Belgarum
585 516 749 553 concilio
770 517 817 553 ad
845 515 880 551 id
912 515 1054 552 bellum
1087 514 1283 564 pollicitus

133 579 194 624 sit,
227 579 490 629 cognoverim.
546 576 756 614 Plurimum
779 576 878 614 inter
898 588 964 613 eos
999 575 1224 612 Bellovacos
1244 581 1285 611 et

133 641 289 686 virtute,
309 648 345 677 et
367 639 612 684 auctoritate,
640 646 677 676 et
700 637 894 674 hominum
927 650 1101 682 numero,
1134 635 1286 672 valere:

130 699 201 737 hos
221 713 332 750 posse
352 699 545 736 conticere
564 705 709 735 armata
732 697 849 735 millia
880 705 1034 735 centum
1051 713 1058 734 :
1089 695 1285 747 pollicito-s

132 773 182 798 ex
195 774 241 798 eo
262 773 422 797 numero
441 759 567 797 electa
582 771 648 804 Lx,
669 759 862 810 totiusque
881 759 971 796 belli
990 758 1189 808 imperium
1211 757 1286 794 sibi

133 821 341 873 postulare.
391 820 612 858 Suessiones
632 833 720 857 suos
740 833 822 858 esse
842 820 1046 862 finitimos,
1079 818 1284 856 latissimos

132 882 464 932 feracissimosque
485 894 598 931 agros
618 881 813 932 possidere
830 895 838 918 :
871 880 974 930 apud
994 893 1060 917 cos
1088 879 1205 916 fuisse
1225 892 1284 915 re-

133 957 221 994 gem
238 951 368 980 nostra
387 943 502 979 etiam
523 944 706 980 memoria
726 943 977 986 Divitiacum,
997 941 1116 978 totius
1130 940 1283 978 Galliae

133 1004 442 1056 potentissimum
461 1020 468 1042 :
501 1003 565 1053 qui
596 1016 713 1054 quum
733 1015 896 1053 magnae
929 1001 1047 1052 partis
1066 1001 1202 1038 harum
1224 1013 1284 1037 re-

131 1066 305 1116 gionum,
325 1072 406 1102 tum
426 1064 541 1102 etiam
563 1063 798 1107 Britanniae,
825 1061 1028 1112 imperium
1049 1061 1283 1098 obtinuerit:

131 1141 235 1165 nunc
255 1140 337 1163 esse
358 1139 488 1176 regem
509 1124 672 1161 Galbam
689 1139 698 1166 ;
717 1123 764 1160 ad
786 1124 889 1160 hunc
908 1130 1067 1172 propter
1081 1121 1286 1171 justitiam,

131 1187 467 1239 prudentiamque,
483 1186 600 1223 totius
615 1185 705 1222 belli
719 1198 906 1222 summam
924 1184 1092 1220 onmium
1109 1183 1285 1220 volunta-

130 1257 169 1287 te
190 1249 352 1286 desem-iz
374 1248 514 1299 oppida
533 1247 677 1284 habere
694 1260 855 1284 nurnero
875 1258 958 1288 X1{;
980 1245 1151 1296 polliceri
1167 1244 1287 1282 millia

134 1317 279 1348 armata
300 1309 603 1360 quinquaginta:
631 1308 792 1345 totidem
827 1308 1003 1352 Nervios,
1033 1307 1098 1357 qui
1116 1307 1284 1343 maxime

131 1371 203 1409 feri
229 1371 328 1409 inter
347 1371 451 1421 ipsos
471 1371 698 1415 habeantur,
731 1369 1028 1420 longissimeque
1048 1369 1196 1406 absint:
1229 1381 1287 1405 xv

133 1432 252 1470 millia
273 1432 506 1469 Atrebates:
542 1431 753 1468 Ambianos
773 1443 798 1467 x
817 1431 955 1467 millia:
991 1430 1168 1467 Morinos
1200 1442 1286 1467 xxv

132 1494 273 1532 millia:
309 1493 511 1543 Menapios
544 1504 587 1529 lx
606 1493 747 1530 millia:
779 1493 932 1530 Caletos
953 1504 978 1528 x
996 1492 1135 1529 millia:
1170 1492 1287 1530 Velo-

134 1568 261 1595 casses
280 1562 319 1592 et
340 1553 630 1591 Veromanduos
656 1553 817 1592 totidem
834 1567 843 1590 ε
865 1553 1093 1590 Aduatucos
1112 1566 1185 1590 xix
1203 1554 1287 1591 mil-

131 1617 204 1654 lia:
233 1615 469 1658 Condrusos,
489 1614 707 1659 Eburones,
729 1615 953 1659 Cacraesos,
975 1614 1200 1659 Prwmanos,
1221 1615 1287 1665 qui

133 1691 211 1716 uno
244 1677 398 1715 nomine
432 1676 617 1715 Germani
646 1676 903 1727 appellantur,
933 1676 1122 1721 arbitrari,
1150 1676 1200 1713 ad
1232 1688 1285 1712 XL

131 1740 262 1777 millia.

183 1800 231 1839 V.
287 1801 442 1846 Caesar,
464 1800 608 1838 Remos
627 1799 865 1845 cohortatus,
890 1799 1179 1850 liberaliterque
1201 1813 1286 1838 ora-

136 1863 240 1901 tione
260 1871 501 1914 prosecutus,
535 1875 688 1899 omnem
720 1870 894 1899 senatum
927 1861 976 1898 ad
993 1873 1034 1898 se
1065 1862 1288 1907 convenire,

133 1925 428 1976 principumque
459 1923 600 1961 liberos
631 1923 783 1960 obsides
816 1923 865 1960 ad
895 1935 935 1960 se
965 1923 1120 1968 adduci,
1148 1924 1287 1972 jussit:

133 1999 231 2037 quac
252 1985 380 2022 omnia
398 1985 446 2022 ab
466 1985 524 2021 his
543 1984 752 2034 diligenter
770 1984 818 2022 ad
834 1984 935 2022 diem
955 1984 1057 2022 facta
1077 1993 1179 2022 sunt.
1226 1985 1289 2036 Ip-

133 2061 189 2094 se,
224 2047 460 2084 Divitiacum
484 2046 665 2083 Aeduum
691 2058 928 2096 magnopere
949 2046 1187 2089 cohortatum,
1221 2047 1288 2084 do-

134 2118 210 2154 cct,
231 2116 469 2160 quantopere
490 2107 726 2157 reipublicae
758 2107 1051 2157 communisque
1082 2107 1214 2144 salutis
1234 2108 1290 2144 in-

137 2171 258 2216 tersit,
279 2183 412 2207 manus¹
432 2169 599 2206 hostium
616 2167 804 2213 distineri,
825 2181 873 2205 ne
890 2181 977 2205 cum
995 2175 1102 2205 tanta
1118 2169 1290 2206 multitu·

134 2233 224 2270 diue
256 2245 332 2268 uno
353 2238 528 2281 tempore
559 2230 849 2279 confligendum
869 2229 930 2266 sit.
985 2229 1032 2266 Id
1061 2229 1143 2267 fleri
1165 2243 1291 2280 posse,

134 2295 164 2332 si
184 2307 270 2332 suas
285 2294 414 2344 copias
430 2292 560 2331 Aedui
580 2292 618 2328 in
637 2291 733 2329 fines
750 2291 1046 2329 Bellovacorum
1063 2291 1290 2329 introduxe-

135 2356 225 2402 rint,
255 2363 295 2394 et
324 2368 457 2393 eorum
487 2366 600 2404 agros
620 2352 796 2405 populari
816 2352 1029 2404 coeperint.
1090 2352 1163 2389 His
1183 2366 1303 2390 man-¹
