1556 2683
280 227 330 269 56
592 230 666 267 DE
707 219 885 267 BELLo
926 230 1170 268 GALLICo

703 454 867 491 LIBER
923 455 995 491 111.

331 578 366 614 Ι.
418 577 583 618 QUUM
604 577 641 613 in
658 577 806 614 ltaliam
823 577 1132 627 proficisceretur
1146 579 1299 624 Cacsar,
1322 579 1427 617 Serv.

278 638 441 675 Galbam
463 651 549 674 cum
579 638 731 688 legione
757 638 997 683 duodecima,
1032 645 1070 675 et
1090 647 1197 689 parte
1217 640 1424 690 equitatus,

276 700 317 735 in
343 699 569 745 Nantuates,
604 699 808 749 Veragros,
844 699 1108 750 Sedunosque,
1139 700 1253 745 misit,
1288 701 1353 751 qui
1379 702 1426 738 ab

275 759 414 795 finibus
432 759 698 809 Allobrogum,
715 767 753 796 ct
768 760 853 797 lacu
871 759 1082 806 Lemanno,
1097 768 1134 798 et
1148 761 1304 797 flumine
1321 761 1426 797 Rho-

276 821 392 866 dano,
410 821 458 857 ad
477 833 642 858 summas
665 822 784 871 Alpes
809 820 1015 871 pertinent.
1071 821 1214 859 Caussa
1245 822 1423 858 mittendi

275 881 363 927 fuit,
396 882 498 931 quod
519 882 589 918 iter
618 895 687 932 per
706 883 840 932 Alpes,
876 895 950 932 quo
970 895 1109 931 magno
1130 895 1215 919 cum
1237 883 1425 932 periculo,

274 942 499 992 magnisque
525 944 660 991 [cum]
698 942 889 992 portoriis,
921 950 1153 979 mercatores
1187 942 1240 978 ire
1262 955 1422 979 consue-

274 1009 374 1047 rant,
403 1002 573 1051 patefieri
593 1003 757 1040 volebat.
812 1002 918 1039 Huic
948 1003 1134 1052 permisit,
1164 1002 1194 1038 si
1215 1016 1310 1052 opus
1341 1015 1424 1039 esso

273 1064 533 1109 arbitraretur,
554 1064 606 1101 uti
622 1064 659 1100 in
680 1064 733 1100 cis
752 1063 845 1100 locis
865 1063 1055 1112 legionem
1073 1063 1267 1100 hiemandi
1290 1077 1427 1100 caussa

273 1125 493 1163 collocaret.
547 1125 686 1169 Galba,
723 1125 901 1162 secundis
931 1124 1076 1175 aliquot
1107 1124 1264 1174 proeliis
1296 1124 1429 1170 factis,

272 1186 516 1237 castellisque
541 1186 800 1237 compluribus
820 1199 949 1236 corum
972 1185 1214 1236 expugnatis,
1235 1184 1356 1221 missis
1376 1185 1427 1222 ad

271 1260 360 1284 eum
381 1248 549 1298 undique
569 1248 718 1297 legatis,
740 1247 1011 1296 obsidibusque
1031 1246 1142 1291 datis,
1164 1253 1203 1283 et
1221 1258 1317 1296 pace
1337 1245 1417 1284 fac-

271 1315 325 1354 ta,
345 1308 545 1346 constituit
565 1309 744 1345 cohortes
763 1308 856 1345 duas
875 1308 913 1345 in
936 1307 1194 1344 Nantuatibus
1216 1307 1422 1353 collocare,

278 1371 366 1419 [et]
384 1369 463 1420 ipse
476 1383 563 1406 cum
577 1369 731 1418 reliquis
752 1370 833 1418 ejus
853 1368 1014 1417 legionis
1035 1367 1258 1405 cohortibus
1279 1368 1316 1404 in
1336 1368 1422 1406 vico

270 1430 544 1481 Veragrorum,
578 1430 642 1481 qui
671 1429 857 1479 apellatur
877 1429 1112 1474 Octodurus,
1145 1429 1326 1466 hiemare.
1356 1428 1421 1479 qui

268 1492 391 1537 viem,
422 1492 568 1542 positus
601 1491 637 1528 in
658 1491 768 1536 valle,
801 1504 877 1528 non
897 1503 1036 1540 magna
1063 1490 1215 1540 adjecta
1242 1490 1421 1540 planicie,

269 1553 462 1590 altissimis
491 1552 684 1590 montibus
714 1551 882 1601 undique
912 1551 1143 1588 continetur.
1199 1551 1326 1591 Quum
1355 1550 1418 1586 hic

267 1615 307 1651 in
337 1615 430 1652 duas
459 1622 586 1665 partes
616 1612 772 1649 flumine
802 1612 1049 1657 divideretur,
1080 1611 1237 1648 alteram
1271 1618 1429 1660 partem

269 1677 353 1725 ejus
370 1675 443 1712 vici
465 1675 585 1712 Gallis
605 1674 810 1718 concessit,
830 1673 1001 1718 alteram,
1021 1686 1180 1710 vacuam
1200 1673 1247 1709 ab
1267 1673 1340 1709 illis
1359 1686 1419 1709 re-

268 1737 414 1783 lictam,
452 1735 673 1773 cohortibus
711 1735 759 1772 ad
792 1735 1037 1771 hiemandum
1076 1734 1260 1771 attribuit.
1320 1733 1419 1771 Eum

267 1797 395 1835 locum
414 1797 512 1834 vallo
530 1796 709 1846 fossaque
736 1795 909 1832 munivit.

320 1858 373 1895 ΙΙ.
428 1859 555 1899 Quum
576 1858 657 1894 dies
673 1857 920 1894 hibernorum
937 1858 1153 1908 complures
1172 1858 1414 1904 transissent,

266 1920 581 1969 frumentumque
600 1931 646 1955 eo
661 1918 890 1968 comportari
906 1919 1093 1967 jussisset,
1114 1919 1241 1956 subito
1261 1933 1328 1969 per
1348 1932 1416 1956 ex-

266 1981 478 2031 ploratores
499 1980 639 2017 certior
658 1980 783 2016 sactus
803 1987 874 2024 est,
911 1992 960 2015 ex
981 1993 1026 2016 ca
1045 1988 1152 2030 parte
1182 1979 1271 2025 vici,
1306 1993 1419 2029 quam

271 2041 393 2079 Gallis
412 2048 669 2086 concesserat,
701 2053 833 2077 omnes
852 2049 970 2077 noctu
996 2040 1228 2086 discessisse,
1250 2048 1422 2078 mentesa

268 2115 358 2152 que,
395 2101 459 2152 qui
479 2101 760 2151 impenderent,
793 2114 815 2137 a
833 2101 999 2138 maxima
1019 2102 1263 2139 multitudine
1296 2101 1418 2138 Sedu-

268 2177 403 2200 norum
424 2170 464 2199 et
483 2162 742 2212 Veragrorum
763 2162 900 2198 teneri.
955 2162 1001 2198 ld
1030 2163 1176 2212 aliquot
1207 2163 1255 2199 de
1275 2163 1416 2200 caussis

267 2224 475 2268 acciderat,
509 2231 550 2260 ut
570 2223 696 2260 subito
718 2223 819 2260 Galli
839 2223 929 2259 belli
949 2224 1157 2261 renovandi
1178 2223 1416 2273 legionisque

266 2284 540 2336 opprimendae
561 2284 760 2322 consilium
782 2291 976 2335 caperent.
1031 2284 1215 2331 Primum,
1237 2285 1340 2336 quod
1361 2285 1415 2321 le«
