1556 2683
261 254 336 291 118
543 252 617 290 DE
658 253 837 291 BELLO
878 252 1122 291 GALLICO

258 356 545 403 istimationem,
583 357 838 408 subsequitur.
898 356 1093 394 Mediocri
1112 354 1239 407 spatio
1259 355 1410 402 relicto,

258 417 384 456 Pulfio
403 418 522 469 pilum
542 418 579 455 in
600 419 729 456 hostes
747 418 879 464 mittit,
900 426 1015 468 atque
1037 431 1154 455 unum
1174 429 1223 454 ex
1238 417 1409 454 multitu-

258 478 350 516 dine
368 486 661 529 procurrentem
677 479 866 529 transjicit
883 496 891 522 ;
924 492 999 529 quo
1019 491 1204 528 percusso
1224 485 1264 514 et
1278 476 1410 514 exani-

258 547 378 584 mato,
398 539 501 576 hunc
520 540 638 577 scutis
657 547 866 590 protegunt
884 539 1027 584 hostes,
1047 539 1085 576 in
1102 539 1207 576 illum
1227 539 1306 576 tela
1325 537 1409 575 uni-

258 600 356 638 versi
377 600 603 650 conjiciunt,
637 614 762 651 neque
783 601 876 638 dant
901 599 1147 650 regrediendi
1174 599 1411 637 facultatem.

258 660 516 709 Transfigitur
534 667 686 698 scutum
714 660 892 706 Pulfioni‚
933 666 972 697 et
1003 665 1179 695 verutum
1213 657 1251 694 in
1282 657 1412 695 balteo

257 720 451 771 defigitur.
506 722 662 758 Avertit
680 721 743 758 hic
765 734 874 759 casus
893 720 1084 771 vaginam,
1124 727 1164 756 et
1182 719 1350 769 gladium
1370 732 1409 756 e-

258 781 402 819 ducere
422 782 576 818 conanti
592 782 767 820 dextram
786 789 957 820 moratur
976 794 1130 818 manum
1146 794 1154 816 ε
1182 780 1408 831 impeditum

256 842 388 879 hostes
419 842 719 881 circumsistunt.
775 843 975 882 Succurrit
1008 842 1182 879 inimicus
1213 841 1266 878 illi
1285 841 1408 879 Vare-

257 916 344 948 nus,
376 910 416 940 et
434 903 622 941 laboranti
642 905 830 942 subvenit.
886 904 950 941 Ad
970 904 1074 940 hunc
1099 915 1140 939 se
1161 901 1363 940 confestim
1385 913 1408 939 a

257 963 434 1001 Pulfione
471 965 593 1002 omnis
629 965 836 1002 multitudo
869 965 1059 1003 convertit
1076 978 1084 1000 :
1129 964 1234 1000 illum
1267 970 1404 1000 veruto

256 1026 482 1063 transfixum
503 1027 747 1064 arbitrantur.
803 1027 994 1064 Occursat
1023 1026 1130 1064 ocius
1149 1025 1278 1076 gladio
1298 1037 1402 1062 com-

258 1088 462 1138 minusque
483 1101 560 1124 rem
583 1089 682 1137 gerit
703 1089 891 1134 Varenus,
929 1096 1058 1139 atque,
1092 1100 1168 1124 uno
1188 1085 1409 1132 interfecto,

257 1149 425 1200 reliquos
445 1149 612 1200 paullum
633 1150 835 1201 propellit:
872 1150 961 1187 dum
997 1148 1173 1200 cupidius
1206 1148 1336 1192 instat,
1369 1147 1408 1183 in

259 1209 389 1247 locum
407 1210 583 1260 dejectus
599 1211 831 1257 inferiorem,
853 1212 1033 1249 conciditr
1073 1210 1178 1247 Huic
1192 1221 1321 1246 rursus
1335 1208 1408 1246 cir-

258 1280 465 1308 cumvento
485 1272 560 1309 fert
580 1273 789 1309 subsidium
811 1273 959 1315 Pulfio;
992 1280 1108 1322 atque
1127 1271 1239 1308 ambo
1260 1270 1407 1307 incolu-

259 1345 355 1377 mes,
390 1332 650 1382 compluribus
671 1333 898 1379 interfectis‚
919 1345 1066 1369 summa
1085 1344 1171 1369 cum
1192 1331 1304 1368 laude
1325 1344 1409 1368 sese

256 1389 357 1427 intra
376 1390 608 1428 munitiones
629 1392 831 1442 recipiunt.
879 1392 942 1430 Sic
962 1392 1116 1429 fortuna
1135 1391 1173 1428 in
1190 1392 1408 1430 contentio-

256 1464 306 1488 ne
327 1458 365 1488 et
380 1452 589 1490 certamine
605 1461 810 1504 utrumque
831 1454 1008 1500 versavit,
1030 1461 1071 1491 ut
1089 1453 1187 1490 alter
1206 1453 1315 1490 alteri
1337 1453 1409 1490 ini-

255 1513 379 1550 micus
399 1513 542 1551 auxilio
562 1515 753 1565 salutique
768 1524 882 1562 esset,
898 1528 1024 1566 neque
1039 1514 1240 1565 dijudicari
1260 1522 1404 1565 posset,

258 1583 344 1612 uter
364 1575 438 1613 utri
457 1576 598 1613 virtute
618 1576 890 1614 anteferendus
909 1577 1117 1614 videretur.

309 1637 432 1674 XLV.
486 1639 642 1680 Quanto
662 1647 744 1676 erat
763 1638 800 1675 in
821 1639 902 1677 dies
921 1638 1073 1689 gravior
1101 1638 1408 1689 atque‘asperIOr

259 1699 509 1749 oppugnatio,
543 1707 582 1737 et
602 1700 767 1737 maxime
787 1700 903 1751 quod,
937 1712 1076 1749 magna
1107 1706 1215 1751 parte
1246 1699 1411 1737 militum

258 1758 437 1796 confecta
455 1759 689 1806 vulneribus,
723 1773 783 1797 res
815 1760 864 1797 ad
893 1760 1128 1811 paucitatem
1162 1759 1408 1797 defensorum

256 1827 497 1871 pervenerat,
514 1828 622 1858 tanto
639 1820 998 1858 crebrioresliterae
1011 1819 1219 1870 nunciique
1239 1820 1287 1857 ad
1308 1820 1406 1859 Cae-

259 1894 381 1918 sarem
405 1881 681 1919 mittebantur:
715 1895 876 1933 quorum
903 1894 989 1932 pars
1005 1881 1243 1932 deprehensa
1258 1881 1295 1918 in
1315 1895 1409 1919 con-

259 1949 395 1993 spectu
433 1950 649 1980 nostrorum
682 1943 845 1979 militum
875 1956 963 1980 cum
984 1942 1158 1980 cruciatu
1188 1943 1409 1980 necabatur.

258 2002 355 2040 Erat
375 2016 472 2040 unus
493 2003 594 2041 intus
618 2003 793 2049 Nervius,
814 2004 968 2042 nomine
990 2003 1162 2049 Vertico,
1188 2004 1275 2041 loco
1295 2013 1407 2042 natus

257 2064 434 2109 honesto,
467 2065 530 2115 qui
551 2077 573 2102 a
592 2065 714 2115 prima
733 2066 932 2102 obsidione
960 2065 1009 2102 ad
1030 2065 1258 2103 Ciceronem
1278 2066 1406 2116 perfu-

260 2133 383 2175 gerat,
417 2139 599 2176 suamque
619 2126 653 2162 ei
673 2126 786 2163 fidem
807 2126 1061 2176 praestiterat.
1119 2126 1194 2164 Hic
1211 2140 1320 2164 servo
1339 2140 1407 2178 spe

258 2187 445 2224 libertatis
464 2187 688 2237 magnisque
707 2188 912 2237 persuadet
931 2187 1122 2237 praemiis,
1147 2196 1188 2225 ut
1208 2188 1337 2226 literas
1357 2189 1406 2226 ad

260 2248 464 2285 Caesarem
484 2248 646 2285 deferat.
696 2248 779 2285 Has
800 2249 862 2285 ille
883 2248 919 2285 in
936 2249 1065 2299 jaculo
1085 2246 1247 2300 illigatas
1281 2249 1403 2296 effert,

256 2315 311 2355 ct,
345 2309 478 2347 Gallus
499 2309 599 2347 inter
619 2310 752 2348 Gallos
771 2310 853 2348 sine
887 2310 964 2348 ulla
982 2311 1201 2362 suspicione
1220 2318 1405 2358 versatus,
