1576 2693
510 283 728 322 PRIORIS
776 282 1074 321 EDITIONIS.
1335 286 1375 322 iii·

221 388 471 439 ‹lendorpius‚
505 395 544 426 et
573 400 695 439 nuper
728 387 777 425 N.
809 387 958 434 Morus,
991 386 1085 424 Litt.
1107 387 1247 425 Graec.
1267 389 1371 439 apud

221 450 440 501 Lipsienses
472 449 576 486 Prof.
609 461 771 500 quorum
804 448 972 486 omnium
992 448 1200 486 sententias
1226 448 1370 486 referre

219 510 377 562 longum
397 518 510 548 esset.
574 510 667 547 Post
692 510 815 548 varios
835 516 1010 555 conatus,
1039 509 1176 560 quibus
1197 508 1372 546 Caesaris

219 573 336 610 verba
353 572 445 610 alias
465 571 672 622 explicare,
701 571 791 608 alias
820 570 1039 614 emendare,
1069 569 1239 619 aggressi
1267 578 1371 617 sunt,

218 645 298 669 rem
320 633 437 684 ipsam
459 632 607 682 magnis
627 631 911 669 difficultatibus
931 631 1154 681 implicitam
1171 630 1368 681 reliquisse

219 693 410 731 videntur.
474 693 555 731 Nos
589 692 742 731 codices
775 692 938 742 scriptos
958 704 1084 728 veram
1107 699 1144 728 et
1164 691 1370 741 genuinam

217 753 425 791 lectionem
440 753 626 791 exhibere
642 766 857 798 censemus
878 765 991 803 quam
1009 752 1096 790 ideo
1113 752 1295 790 intactam
1312 766 1373 790 re·

217 814 410 865 liquimus.
465 814 638 852 Caesaris
653 815 770 851 verba
788 821 876 864 sunt
889 813 1008 851 haec:
1030 819 1055 836 ‘⁴
1075 813 1231 851 Interea
1250 826 1296 850 ea
1315 814 1370 851 le-

218 880 245 899 “
265 876 392 926 gione,
422 889 535 927 quam
555 888 685 913 secum
706 875 887 920 habebat,
919 874 1194 925 militibusque,
1228 875 1291 926 qui
1319 889 1369 913 ex

217 942 244 960 “
264 936 462 987 provincia
477 944 750 981 convenerant,
771 949 792 974 a
806 936 892 974 lacu
909 935 1121 982 Lemanno,
1153 936 1217 986 qui
1238 937 1276 973 in
1297 936 1368 974 flu-

218 1002 244 1020 “
265 1010 353 1034 men
376 997 606 1034 Rhodanum
628 997 765 1043 influit,
795 997 843 1034 ad
862 1004 1031 1034 montem
1052 997 1201 1042 Juram,
1233 997 1296 1047 qui
1326 997 1371 1034 fi-

219 1064 244 1082 “
265 1071 333 1095 nes
350 1058 612 1108 Sequanorum
627 1058 674 1094 ab
689 1057 879 1095 Helvetiis
892 1057 1041 1104 dividit,
1056 1058 1175 1095 millia
1191 1071 1369 1109 passuum

218 1124 244 1142 ‘⁴
263 1119 398 1156 decem
418 1132 570 1164 novem,
604 1131 755 1155 murum
775 1118 813 1155 in
833 1118 1075 1156 altitudinem
1095 1119 1237 1169 pedum
1257 1120 1368 1158 sede-

217 1186 242 1202 “
263 1180 336 1217 cim
365 1179 582 1230 fossamque
616 1179 837 1229 perducit.''
908 1179 962 1217 Ut
993 1179 1130 1216 horum
1163 1181 1368 1218 verborum

215 1242 443 1280 sententiam
473 1241 670 1292 percipere
703 1241 905 1291 possimus,
944 1241 1138 1279 recordari
1169 1242 1368 1290 debemus,

216 1315 300 1340 esse
316 1303 470 1341 omnino
483 1303 560 1340 duo
573 1302 723 1348 itinera,
740 1303 878 1353 quibus
894 1302 1093 1340 itineribus
1109 1302 1283 1340 Helvetii
1298 1304 1367 1340 do·

213 1377 277 1400 mo
297 1364 403 1401 exire
423 1370 601 1414 possent:
631 1376 748 1400 unum
769 1377 837 1414 per
859 1364 1071 1415 SequanOS‚
1100 1371 1307 1414 angustum
1329 1373 1369 1402 et

214 1424 379 1471 difficile,
412 1425 512 1462 inter
532 1431 702 1462 montem
723 1425 858 1462 Juram
878 1433 916 1462 et
935 1425 1078 1462 flumen
1114 1425 1369 1471 Rhodanum;

214 1485 375 1524 alterum
396 1499 465 1537 per
485 1486 719 1537 provinciam
742 1487 970 1532 Romanam,
1003 1486 1123 1524 multo
1139 1486 1289 1525 facilius
1309 1496 1367 1525 at-

214 1560 289 1598 que
309 1547 542 1597 expeditius,
572 1555 776 1599 propterea
796 1548 899 1598 quod
920 1547 1189 1585 Helvetiorum
1209 1549 1308 1586 inter
1323 1549 1366 1586 fi-

211 1620 294 1653 nes,
321 1615 361 1645 et
381 1607 653 1657 Allobrogum,
674 1607 738 1658 qui
758 1620 882 1658 nuper
901 1607 1028 1658 pacati
1048 1614 1172 1653 erant,
1207 1608 1364 1646 Rhoda-

210 1682 283 1707 nus
301 1668 460 1714 fluebat,
488 1669 596 1720 isque
626 1669 820 1706 nonnullis
840 1669 933 1707 locis
968 1669 1066 1706 vado
1085 1669 1237 1706 transiri
1257 1678 1366 1720 pote-

211 1737 294 1767 rat:
322 1736 536 1780 praeterea,
566 1729 782 1775 Helvetios,
803 1743 920 1780 quum
940 1742 1009 1780 per
1028 1730 1263 1780 provinciam
1286 1731 1365 1768 Ro-

209 1803 374 1836 manam,
403 1791 483 1828 sive
512 1803 581 1841 per
599 1791 694 1828 fines
716 1791 986 1841 Allobrogum,
1006 1791 1080 1829 iter
1098 1792 1226 1830 facere
1248 1806 1363 1831 cona-

209 1860 357 1897 rentur,
389 1865 514 1903 eoque
534 1852 708 1898 consilio,
738 1852 875 1902 partim
897 1853 1016 1899 vadis,
1046 1853 1184 1904 partim
1205 1854 1364 1893 navibus

204 1913 364 1962 junctis,
380 1913 523 1951 flumen
540 1912 771 1951 Rhodanum
787 1916 1027 1961 transissent,
1043 1915 1256 1953 munitione
1271 1930 1363 1967 ope-

208 1974 274 2020 ris,
294 1974 571 2025 praesidiisque
590 1976 627 2012 in
647 1988 757 2013 muro
786 1975 993 2026 dispositis,
1025 1976 1142 2014 fulsse
1176 1978 1362 2027 repulsos.

211 2034 251 2072 Si
270 2035 367 2073 haec
387 2035 513 2073 animo
534 2043 747 2083 teneamus,
767 2037 873 2083 satis,
894 2046 936 2075 ut
955 2038 1233 2085 existimamus,
1253 2046 1362 2089 pate-

206 2096 275 2143 bit,
295 2110 446 2134 murum
460 2097 577 2135 fuisse
597 2098 711 2135 situm
732 2098 832 2136 intra
846 2098 941 2136 fines
953 2099 1189 2149 provinciae,
1210 2113 1259 2137 ex
1273 2114 1360 2151 par-

207 2166 246 2194 te
266 2158 506 2196 meridionali
525 2158 694 2196 fluminis
724 2159 917 2206 Rhodani,
950 2160 1188 2212 ductumque
1218 2174 1240 2198 a
1272 2162 1361 2201 lacu

207 2218 421 2266 Lemanno,
458 2232 527 2270 per
562 2219 663 2271 ripas
699 2220 881 2267 fluminis,
918 2221 966 2259 ad
1002 2230 1173 2260 montem
1208 2223 1359 2270 Juram,

212 2279 259 2329 (i.
278 2293 308 2317 e.
327 2280 376 2317 ad
394 2293 483 2318 eum
497 2281 638 2318 montis
651 2281 770 2319 Jurae
789 2281 904 2319 finem
920 2289 1151 2329 extremum,
1169 2284 1231 2334 qui
1247 2286 1359 2322 meri-

205 2339 306 2378 diem
326 2353 457 2378 versus
477 2340 596 2402 eran)
620 2340 686 2389 ita,
709 2350 749 2379 ut
768 2342 876 2389 nihil,
897 2350 1050 2394 praeter
1062 2344 1214 2387 alveum
1233 2345 1358 2383 flumi-
