1576 2693
150 269 188 309 iv
562 266 878 308 PRAEFATIO

151 373 224 419 nis,
244 380 359 424 atque
375 379 580 423 angustum
594 374 667 410 iter
679 374 726 411 ad
743 374 912 411 radicem
931 373 1085 421 montis,
1105 374 1205 413 inter
1219 389 1302 414 mus

151 445 236 472 rum
256 442 295 471 et
314 441 485 470 montem
514 434 732 472 interesset.
801 435 901 472 Nam
929 435 1067 473 vocula
1098 447 1171 482 AD,
1204 451 1301 487 quae

153 507 305 533 omnem
325 495 438 544 hujus
457 494 532 532 ioci
551 494 812 532 difficultatem
833 496 1026 546 peperisse
1052 496 1216 542 videtur,
1237 511 1303 535 ne-

147 568 342 607 quaquam
363 555 578 593 necessario
598 555 741 594 indicat
774 569 924 593 murum
945 564 984 594 et
1005 565 1174 595 montem
1204 559 1303 596 inter

152 624 194 654 se
215 617 456 666 contingere,
486 627 535 653 ne
561 616 717 654 minimo
737 618 891 668 quidem
910 618 1109 655 intervallo
1130 619 1302 668 disjunc-

153 686 237 716 tos:
274 677 326 723 id,
347 677 450 728 quod
469 677 569 714 viros
595 677 732 716 doctos
752 690 886 728 parum
906 679 1073 716 animum
1093 680 1303 718 advertisse

152 739 406 790 suspicamur,
427 738 608 788 quodque
621 740 680 776 vel
702 740 856 790 phrases
877 745 903 762 “
918 753 1038 777 annos
1053 742 1105 778 ad
1115 742 1302 792 quinqua-

153 805 180 823 “
198 800 352 850 ginta,'’
386 804 412 822 “
432 799 484 836 ad
514 799 591 836 duo
622 800 739 837 millia
771 808 809 838 et
841 802 1004 839 trecenti
1037 802 1201 848 occisi,’'
1233 805 1303 840 &a

153 861 244 898 satis
273 860 506 899 ostendunt:
537 860 575 897 in
603 861 661 898 his
680 862 780 898 enim
814 862 950 900 vocula
970 873 1029 898 AD
1050 863 1151 900 idem
1182 863 1303 901 ferme

151 922 268 967 valet,
287 934 333 959 ac
344 936 477 973 prope,
493 922 553 960 vel
568 922 727 959 circiter.
783 922 878 960 Eam
899 923 1118 973 saepissime
1135 936 1218 962 esse
1235 924 1304 961 hu—

147 984 211 1033 jus
239 982 531 1033 praepositionis
560 983 651 1028 vim,
684 983 763 1020 sive
794 984 998 1033 separatim
1031 984 1194 1034 positae,
1224 985 1303 1021 sive

153 1043 236 1079 aliis
254 1043 414 1080 vocibus
434 1050 740 1093 coagmentatae,
761 1044 888 1080 multis
909 1045 1096 1094 exemplis
1126 1044 1303 1081 ostende-

153 1117 195 1141 re
214 1105 384 1155 proclive
404 1111 515 1142 esset.
572 1104 770 1154 Ejusmodi
802 1112 890 1142 sunt
909 1106 1130 1155 sequentia:
1164 1110 1189 1128 “
1211 1106 1303 1143 Cas-

154 1171 180 1188 “
200 1173 260 1203 tra
277 1165 329 1202 ad
340 1165 532 1215 Cybistra,
553 1165 656 1215 quod
674 1165 855 1216 oppidum
873 1174 931 1203 est
950 1166 1001 1203 ad
1018 1174 1187 1203 montem
1204 1166 1304 1203 Tau-

155 1232 181 1250 “
200 1240 299 1273 rum,
327 1226 493 1264 Iocavi.''
528 1226 611 1264 Cic.
632 1226 703 1277 Ep.
724 1227 769 1263 L.
791 1227 875 1263 XV.
896 1230 930 1264 2.
961 1233 986 1250 ‘⁶
1006 1227 1162 1266 Adeolit
1185 1228 1303 1265 effuso

156 1293 182 1311 ‘¹
202 1295 445 1338 stagnantem
463 1287 621 1325 flumine
637 1288 811 1325 Nilum.''
862 1294 887 1312 ‘⁵
907 1287 1057 1327 Adcola
1078 1288 1304 1326 Vulturni.’'

155 1348 263 1399 Virg.
284 1348 383 1386 Geo.
403 1348 471 1385 IV.
491 1351 578 1386 288.
607 1347 666 1385 ld.
688 1350 788 1387 Aen.
809 1349 898 1386 VII.
917 1360 951 1386 v.
972 1353 1058 1389 729.
1115 1349 1154 1386 Si
1174 1350 1304 1395 verba,

154 1411 206 1447 ad
223 1418 392 1447 montem
411 1410 561 1456 Juram,
595 1422 642 1446 eo
663 1422 775 1460 quem
795 1410 962 1447 diximus
981 1410 1096 1446 modo
1119 1410 1305 1460 interpre-

155 1470 228 1508 tari
247 1471 376 1516 liceat,
397 1470 516 1506 totius
530 1470 606 1507 loci
625 1470 817 1507 sententia
836 1470 926 1507 satis
943 1471 1053 1507 obvia
1069 1478 1108 1507 et
1127 1470 1305 1507 manifes-

154 1539 196 1569 ta
227 1531 452 1582 reperietur.
519 1531 694 1569 Caesaris
723 1532 853 1577 verba,
881 1532 962 1568 sine
995 1532 1104 1568 unius
1131 1531 1305 1568 litei-ulae

154 1593 382 1638 mutatione,
418 1593 515 1630 duos
532 1592 646 1642 hujus
665 1592 764 1629 inuri
795 1593 891 1629 fines
910 1599 1106 1629 extremos
1138 1592 1306 1629 dilucide

154 1654 246 1691 satis
266 1653 511 1691 describunt:
550 1653 728 1698 alterum,
759 1653 884 1690 lacum
915 1653 1170 1698 Lemannum,
1204 1653 1307 1690 unde

157 1715 352 1765 coeperit3
393 1715 571 1760 alterum,
601 1722 770 1751 montem
790 1714 938 1758 Juram,
970 1714 1020 1751 acl
1038 1715 1148 1763 cujus
1177 1721 1306 1750 extre·

155 1776 327 1813 mitatem
348 1775 515 1813 desierit.
572 1775 670 1812 Nam
692 1775 793 1812 ultra
812 1783 980 1812 montem
1002 1775 1151 1821 Juram,
1170 1786 1307 1813 seeun-

156 1837 248 1874 dum
264 1837 384 1887 ripam
401 1836 582 1882 flurniniS‚
602 1845 752 1874 murum
766 1836 1010 1873 continuasse
1026 1847 1306 1886 supervacuum

156 1899 304 1945 fuisset,
331 1905 370 1936 et
389 1906 542 1949 praeter
562 1898 737 1936 Caesaris
765 1898 986 1941 consiliu1n3
1019 1898 1083 1948 qui
1117 1897 1154 1933 id
1183 1897 1307 1934 solum

156 1960 311 2009 agebat,
342 1967 384 1997 ut
404 1959 607 1997 Helvetios
627 1959 764 1996 itinere
798 1970 866 2008 per
895 1958 1131 2009 provinciam
1164 1958 1304 1995 Roma-

157 2034 244 2058 nam
265 2021 441 2058 faciendo
461 2021 697 2071 prohiberet.
737 2020 851 2062 Quod
872 2020 1007 2056 Morus
1024 2027 1170 2065 censet,
1189 2021 1308 2056 verba

157 2081 272 2132 —qm'
302 2080 493 2131 influmen
514 2080 735 2117 Rhodanum
756 2079 1089 2131 itgfluic-—et—qui
1105 2082 1210 2132 fines
1243 2085 1306 2121 Se-

157 2156 360 2194 quanorum
375 2142 420 2179 ab
439 2141 623 2179 Helvetiis
638 2141 906 2179 dividit—esse
927 2140 1105 2186 delenda,
1122 2150 1160 2178 et
1175 2142 1308 2191 legen·

159 2205 326 2241 dum—a
358 2203 441 2240 lacu
461 2204 652 2241 Lemanno
671 2203 722 2240 ad
746 2209 934 2240 montes-—
948 2219 963 2246 ;
998 2202 1036 2239 id
1057 2202 1209 2252 quidem
1231 2214 1308 2238 non

157 2274 216 2303 est.
231 2265 458 2302 medicinam
481 2265 630 2302 auctori
649 2264 790 2301 facere.
812 2270 836 2286 ‘⁴
860 2264 946 2300 Non
969 2263 1116 2307 enim,‘'
1140 2270 1180 2300 ut
1197 2263 1308 2300 Cice·

157 2326 260 2364 renis
280 2325 404 2364 verbis
425 2334 588 2372 utamur,
626 2330 651 2349 ‘⁶
671 2337 717 2363 ca
736 2333 793 2362 est
813 2324 1016 2370 medicina,
1051 2336 1167 2374 quum
1195 2335 1309 2360 sanae
