1556 2683
552 212 716 251 LIBER
769 212 837 251 IV.
1232 216 1282 254 73

130 315 184 354 Hi
207 317 335 354 rursus
355 315 516 354 invicem
538 330 638 355 anno
658 327 744 367 post
765 317 800 354 in
822 315 936 354 armis
955 324 1070 353 sunt:
1103 316 1154 353 illi
1176 316 1278 353 domi

128 385 339 415 remanent.
396 376 460 415 Sic
493 391 617 428 neque
647 379 897 429 agricultura,
930 390 1003 415 nec
1035 377 1132 414 ratio
1167 386 1281 428 atque

126 451 215 476 usus
233 438 323 475 belli
359 438 647 476 intermittitur:
685 439 753 476 sed
773 437 910 489 privati
930 450 975 475 ac
994 438 1159 488 separati
1194 438 1277 488 agri

125 501 228 550 apud
247 513 312 538 eos
326 500 419 539 nihil
439 508 514 537 est:
545 513 671 550 neque
691 500 842 550 longius
861 512 961 536 anno
982 511 1180 536 remanere
1202 511 1279 535 uno

127 561 165 597 in
186 562 287 607 loco,
320 561 514 598 incolendi
544 574 691 606 caussa,
723 561 837 599 licet:
866 573 990 610 neque
1020 560 1181 597 multum
1202 559 1281 596 fru-

123 630 269 667 mento,
302 622 370 659 sed
389 622 595 659 maximam
622 629 771 672 partem
790 622 890 659 lacte
911 629 1027 671 atque
1047 633 1202 671 pecore,
1223 620 1278 657 vi-

122 690 231 728 vunt,
265 683 506 733 multumque
537 690 625 720 sunt
645 683 683 719 in
714 682 1003 723 venationibus;
1039 694 1138 732 quae
1159 694 1218 718 res
1239 688 1280 719 et

123 743 199 781 cibi
218 757 375 793 genere,
408 751 447 782 et
467 743 690 795 quotidiana
710 743 1005 789 exercitatione,
1038 751 1077 780 et
1097 742 1278 780 libertate

124 804 239 850 vitae,
265 805 405 857 (quod,
421 818 443 842 a
455 805 583 856 pueris
599 805 703 842 nullo
717 806 840 843 officio
854 812 919 842 aut
932 804 1135 855 disciplina
1148 817 1279 842 assue-

123 864 230 911 facti,
250 866 343 902 nihil
359 866 514 904 omnino
530 875 665 904 contra
679 867 914 904 voluntatem
930 865 1096 916 faciant)
1117 874 1156 903 et
1176 866 1276 904 vires

120 925 202 972 alit,
223 934 262 964 et
282 927 434 964 immani
453 940 658 977 corporum
675 927 940 977 magnitudine
954 926 1129 963 homines
1150 926 1279 964 efficit.

122 987 254 1037 Atque
275 988 312 1024 in
329 1001 411 1025 eam
432 1001 472 1025 se
493 988 811 1026 consuetudinem
835 987 1096 1033 adduxerunt,
1117 995 1160 1025 ut
1179 987 1275 1025 locis

119 1048 373 1098 frigidissimis
399 1062 525 1100 neque
556 1049 729 1094 vestitus,
760 1056 915 1099 praeter
941 1049 1074 1099 pelles,
1107 1049 1278 1085 habeant

118 1109 512 1161 quidquam‚quarum
525 1111 949 1161 propter‘exiguitatem
963 1124 1103 1161 magna
1116 1119 1174 1149 est
1190 1124 1276 1149 cor-

119 1172 223 1221 poris
242 1185 330 1222 pars
349 1180 495 1222 aperta,
529 1179 568 1209 ct
587 1172 763 1209 laventur
796 1172 831 1208 in
862 1172 1095 1209 fluminibus.

168 1233 222 1269 ΙΙ.
277 1234 563 1271 Mercatoribus
583 1241 641 1271 est
660 1233 708 1270 ad
728 1246 793 1271 eos
813 1234 952 1278 aditus,
985 1234 1106 1284 magis
1126 1247 1187 1281 eo,
1216 1242 1274 1280 ut,

118 1308 217 1345 quae
248 1295 349 1332 bello
370 1295 558 1345 ceperint,
579 1295 717 1345 quibus
735 1296 918 1340 vendant,
946 1295 1128 1342 habeant,
1157 1309 1275 1347 quam

118 1370 194 1406 quo
226 1356 341 1393 ullam
374 1369 454 1393 rem
487 1357 537 1393 ad
568 1369 608 1393 se
642 1357 839 1407 importari
876 1356 1111 1393 desiderent.
1167 1358 1274 1399 Quin

113 1418 229 1455 etiam
262 1418 462 1467 jumentis,
501 1418 639 1468 quibus
673 1418 841 1455 maxime
876 1417 1003 1455 Gallia
1035 1417 1271 1465 delectatur,

116 1491 292 1529 quaeque
323 1480 495 1530 impenso
515 1488 650 1529 parant
669 1480 809 1530 pretio,
841 1479 1027 1516 Germani
1056 1479 1274 1529 importatis

114 1539 173 1576 his
194 1553 270 1577 non
292 1547 452 1577 utuntur
469 1556 477 1583 ;
508 1540 590 1586 scd,
611 1553 708 1591 quae
727 1548 817 1577 sunt
836 1539 938 1590 apud
958 1552 1023 1576 eos
1044 1547 1134 1576 nata
1152 1553 1273 1590 prava

113 1609 229 1652 atque
243 1602 442 1647 deformia,
463 1603 559 1639 haec
575 1602 800 1652 quotidiana
817 1601 1112 1647 exercitatione,
1132 1603 1272 1640 summi

114 1670 157 1700 ut
175 1663 251 1700 sint
271 1663 424 1710 laboris,
454 1664 635 1701 efficiunt.
693 1663 949 1714 Equestribus
971 1663 1125 1714 proeliis
1154 1677 1272 1715 saepe

112 1738 162 1762 ex
182 1725 289 1776 equis
320 1725 516 1771 desiliunt,
536 1738 582 1762 ac
602 1725 763 1776 pedibus
782 1725 1042 1775 proeliantur3
1069 1738 1270 1775 equosque

113 1784 250 1821 eodem
271 1798 469 1823 remanere
489 1786 651 1836 vestigio
671 1786 950 1828 assuefaciunt;
969 1786 1017 1822 ad
1034 1799 1129 1836 quos
1149 1799 1190 1822 se
1207 1797 1271 1823 ce-'

111 1845 256 1891 leriter‚
277 1860 395 1897 quum
417 1859 505 1884 usus
525 1855 597 1892 est,
617 1847 822 1897 recipiunt.
854 1860 978 1898 neque
999 1860 1133 1884 eorum
1153 1847 1270 1883 mori-

112 1907 182 1944 bus
218 1908 365 1958 turpius
403 1908 612 1960 quidquam
641 1915 710 1945 aut
739 1908 900 1945 inertius
933 1908 1112 1954 habetur,
1154 1921 1271 1959 quam

112 1968 302 2019 ephippiis
323 1970 390 2006 uti.
436 1970 575 2020 Itaque
590 1970 639 2007 ad
658 1969 830 2020 quemvis
846 1982 1048 2006 numerum
1069 1969 1269 2020 ephippia-

113 2038 239 2067 torum
256 2031 441 2081 equitum,
462 2031 635 2081 quamvis
650 2031 778 2081 pauci,
798 2031 904 2068 adire
921 2031 1077 2067 audent.
1125 2030 1270 2067 Vinum

111 2090 160 2128 ad
179 2104 219 2129 se
239 2092 394 2129 omnino
414 2092 612 2143 importari
632 2105 709 2130 non
729 2092 874 2137 sinunt,
895 2091 1002 2142 quod
1023 2104 1068 2128 ea
1083 2104 1123 2129 re
1143 2092 1192 2128 ad
1211 2092 1266 2128 la-

110 2153 243 2190 borem
257 2154 460 2191 ferendum
480 2153 750 2191 remollescere
766 2153 957 2198 homines,
986 2160 1102 2203 atque
1122 2153 1266 2191 effemi-

108 2214 205 2260 nari,
221 2215 469 2252 arbitrantur.

159 2275 234 2312 111.
288 2276 450 2315 Publice
470 2277 676 2315 maximam
697 2284 834 2327 putant
855 2289 938 2315 esse
956 2276 1126 2321 laudem,
1152 2288 1267 2327 quam

140 2335 249 2373 Tom.
280 2337 310 2373 I.
665 2337 702 2373 K
