1576 2693
214 274 239 310 i1
626 275 939 312 PRAEFATIO

217 381 243 399 “
263 377 457 414 exercitus
479 378 679 415 Afraniani
699 379 943 424 claudebant,
976 378 1203 428 equitesque
1223 379 1363 417 Caesa-

217 441 242 459 “
263 437 401 482 rianos‚
430 438 502 474 etsi
535 450 693 475 PLURES
727 452 901 484 numero,
934 439 972 475 in
1002 437 1089 475 locis
1106 439 1365 489 campestribus

215 502 241 519 “
260 498 485 535 sustinebant
503 514 516 535 .·
538 513 653 549 quum
673 513 766 536 vero
775 500 881 536 vallis
896 507 962 536 aut
977 499 1083 537 locus
1103 500 1258 537 declivis
1271 501 1361 537 sub-

217 562 242 579 “
263 565 357 603 erat,
384 558 610 608 equitesque
631 559 806 597 Caesaris
825 573 869 596 ex
886 559 963 597 loco
981 560 1169 611 superiore
1182 560 1257 598 tela
1273 573 1365 598 con-

216 624 241 641 “
257 619 457 668 jiciebant‚
494 620 607 670 longe
628 620 737 657 aliter
769 634 809 658 se
843 634 902 658 res
933 621 1121 664 habebat;
1151 629 1231 658 tum
1261 621 1362 658 enim

216 686 241 703 “
262 694 400 731 magno
421 687 501 717 erat
521 680 558 717 in
586 681 803 731 periculo.''
866 681 967 718 Viris
999 681 1228 719 doctissimis
1260 681 1363 718 frau-

216 741 303 778 dem
336 741 471 778 fecisse
491 741 642 778 videtur
663 755 750 780 usus
782 743 901 779 rarior
920 742 1026 779 verbi
1060 741 1227 788 subsisto,
1261 742 1365 793 quod

214 802 291 847 hic,
329 810 369 838 ut
388 802 537 853 saepius
557 804 657 853 apud
678 803 843 848 Livium,
877 803 1001 840 active
1028 803 1257 840 sumendum
1291 810 1362 840 est.

215 861 261 898 E.
282 862 331 899 G.
352 868 377 885 “
398 862 462 908 Et,
483 871 684 913 postquam
705 872 997 914 praepotentem
1017 863 1130 900 armis
1145 863 1362 900 Romanum

216 927 242 945 “
262 936 335 960 nec
355 923 457 959 acies
476 923 670 961 subsistere
691 925 802 970 ullae,
823 937 895 962 nec
916 931 1053 970 castra,
1074 937 1146 961 nec
1166 925 1279 961 urbes
1298 937 1365 975 po-

213 988 241 1006 “
261 991 399 1029 terant,
420 984 588 1020 omnium
609 985 825 1035 principum
845 985 882 1021 in
901 984 1055 1021 Samnio
1075 997 1121 1021 eo
1142 997 1256 1023 curae
1277 993 1366 1022 sunt

216 1049 242 1067 ‘⁶
262 1045 446 1090 intentae,
468 1052 509 1081 ut
542 1044 686 1082 insidiis
717 1052 966 1095 quaereretur
995 1045 1149 1091 locus,''
1183 1048 1252 1082 Cve.
1280 1045 1365 1082 Liv.

212 1105 298 1142 Lib.
319 1105 389 1141 IX.
410 1118 444 1142 c.
463 1108 525 1143 31.
580 1105 655 1142 Pro
675 1106 929 1151 subsistebant,
949 1106 1138 1143 editiones
1159 1107 1303 1158 primae
1323 1115 1362 1144 et

213 1166 453 1203 Hotomanni
472 1166 662 1204 dederunt
679 1167 921 1212 sustinebant,
956 1167 1060 1217 quod
1079 1180 1148 1218 pro
1177 1167 1365 1218 interpre-

212 1235 382 1265 tamento
402 1227 620 1264 habendum
640 1228 801 1265 videtur.

262 1288 309 1325 In
321 1288 429 1325 hisce
445 1288 619 1325 Caesaris
636 1288 941 1334 Commentariis,
956 1302 1117 1339 quorum
1131 1290 1362 1340 elegantiam

210 1362 475 1400 summamque
495 1356 575 1386 tum
593 1349 784 1395 dictionis,
801 1356 881 1386 tum
896 1349 1137 1396 narrationis,
1152 1350 1362 1400 perspicui-

211 1418 329 1448 tatem
351 1423 482 1447 omnes
501 1410 700 1455 mirantur,
728 1411 814 1448 loca
833 1411 1020 1460 quaedam
1046 1411 1290 1461 reperiuntur
1318 1410 1362 1447 li-

210 1471 423 1508 brariorum
444 1470 503 1506 vel
533 1470 749 1520 ignorantia
768 1471 827 1507 vel
856 1471 1005 1508 incuria
1025 1471 1121 1508 adeo
1142 1472 1364 1522 depravata,

212 1539 255 1568 ut
274 1532 355 1569 sine
376 1531 555 1569 codicum
574 1531 774 1568 meliorum
795 1543 867 1581 ope
889 1531 925 1567 in
942 1531 1141 1581 pristinam
1161 1531 1363 1569 sanitatem

212 1601 252 1629 et
272 1592 534 1641 integritatem
554 1590 703 1628 restitui
724 1598 929 1641 nequeant.
982 1591 1080 1628 Sunt
1098 1592 1172 1629 alia
1193 1593 1363 1643 complu-

211 1666 266 1698 ra,
301 1665 397 1703 quae
417 1652 627 1702 interprete
659 1652 792 1702 magis,
824 1664 936 1702 quam
971 1653 1235 1699 emendatore,
1264 1654 1362 1690 indi-

211 1727 303 1764 gere
318 1714 510 1758 videntur,
525 1721 564 1750 et
580 1713 616 1749 in
633 1713 769 1763 quibus
785 1713 1020 1762 corrigendis
1035 1714 1201 1751 editores
1219 1714 1361 1751 doctis-

210 1775 308 1820 simi,
337 1773 495 1810 nimium
512 1773 744 1823 conjecturis
760 1773 1017 1822 indulgentes,
1045 1775 1205 1812 multum
1222 1787 1361 1825 operae

208 1837 350 1873 frustra
365 1835 635 1871 insumserunt.
690 1834 840 1871 Horum
863 1847 978 1870 unum
998 1842 1063 1872 aut
1082 1835 1242 1872 alterum
1265 1836 1361 1873 indi-

210 1910 311 1942 care,
332 1904 370 1933 et
389 1895 524 1932 leviter
542 1894 748 1944 attingere,
769 1895 816 1931 ab
833 1893 1008 1931 instituto
1028 1902 1157 1932 nostro
1174 1896 1276 1933 haud
1295 1896 1362 1933 ali-

210 1970 323 1994 enum
345 1956 430 2002 erit,
457 1963 498 1992 ut
518 1955 606 1992 inde
626 1954 746 2004 magis
765 1954 893 1992 lucide
905 1962 1102 2004 appareat,
1123 1969 1235 2006 quam
1255 1957 1357 1994 flux-

209 2031 254 2055 ae
274 2017 466 2054 interdum
487 2024 525 2054 et
545 2016 714 2053 caducae
742 2015 818 2053 sint
837 2015 1004 2052 virorum
1036 2016 1152 2053 etiam
1185 2017 1360 2055 doctissi·

209 2091 358 2115 morum
375 2079 622 2127 conjecturae
638 2076 718 2113 sine
735 2076 912 2114 codicum
929 2089 1001 2127 ope
1017 2092 1025 2120 ;
1045 2084 1083 2114 et
1098 2084 1243 2115 temere
1262 2091 1360 2115 nun-

208 2152 321 2190 quam
343 2139 380 2174 in
401 2145 627 2176 contextum
648 2150 730 2174 esse
751 2136 1004 2187 recipiendas.

260 2199 321 2235 De
338 2199 411 2236 situ
424 2199 534 2244 muri,
556 2211 669 2248 quem
687 2198 827 2236 Caesar
842 2210 864 2234 a
878 2198 962 2235 iaeu
978 2199 1179 2236 Lemanno
1192 2200 1239 2236 ad
1251 2212 1361 2236 mon-

208 2268 284 2297 tem
303 2259 435 2295 Juram
457 2259 581 2304 duxit,
620 2259 731 2307 [Lib.
751 2258 781 2295 Ι.
802 2271 835 2295 c.
855 2260 891 2295 8.
913 2258 1044 2308 initio]
1078 2260 1207 2297 multis
1233 2260 1357 2298 verbis

206 2327 371 2370 egerunt
385 2319 452 2357 viri
468 2319 587 2367 doctI,
603 2320 655 2358 D.
672 2319 842 2365 Vossius,
856 2319 1049 2368 Davisius,
1071 2320 1261 2368 Chrrkius,
1276 2321 1356 2358 Ou-
