1556 2683
592 287 758 326 LIBER
809 286 842 325 1.
1257 294 1304 331 2²1

158 407 234 431 non
268 404 379 442 posse
410 393 494 442 ejus
529 392 689 442 imperia
725 391 868 429 diutius
903 392 1095 430 sustineri.
1161 392 1246 430 Nisi
1275 394 1308 431 si

157 453 250 504 quid
269 453 307 490 iu
327 453 494 490 Caesare
513 452 733 503 populoque
754 452 930 490 Romano
949 452 998 490 sit
1015 452 1163 499 auxilii,
1188 454 1309 492 omni-

158 515 229 552 bus
249 514 370 553 Gallis
402 514 502 551 idem
523 526 606 551 esse
626 512 858 559 faciendum,
890 514 993 564 quod
1013 514 1185 551 Helvetii
1203 514 1310 553 fece·

156 577 245 622 rint,
267 583 308 613 ut
324 576 441 613 domo
458 574 666 624 emigrent3
685 575 789 612 aliud
802 575 1054 621 domicilium,
1072 575 1165 613 alias
1180 576 1307 622 sedes,

158 646 323 675 remotas
338 636 594 681 aGrermanis,
625 643 783 686 petuam
808 636 1093 687 fortunamque,
1113 650 1308 687 quaecun-

156 712 231 749 que
250 698 414 743 accidat,
446 697 710 748 experiantur.
767 696 878 735 Haec
898 697 929 734 si
956 698 1164 736 enunciata
1195 698 1311 736 Ario·

156 760 255 798 visto
273 760 362 804 sint,
392 771 468 796 non
489 758 680 803 dubitare,
710 757 802 808 quin
822 758 870 795 de
889 759 1065 797 omnibus
1096 759 1309 806 obsidibus,

156 821 220 871 qui
250 820 353 871 apud
383 834 470 857 eum
490 820 579 865 sint,
612 819 877 870 gravissimum
910 820 1140 871 supplicium
1169 828 1308 858 sumat.

156 882 361 920 Caesarem
381 882 440 919 rel
458 881 691 919 auctoritate
710 894 780 919 sua
804 888 919 931 atque
940 882 1151 928 exercitus,
1169 882 1230 920 vel
1249 896 1310 921 re·-

155 944 263 981 centi
281 943 457 990 victoria,
491 943 550 980 vel
570 942 723 980 nomine
743 943 872 993 populi
904 943 1081 989 Romani,
1113 944 1311 983 deterrere

156 1018 282 1055 posse,
327 1018 375 1042 ne
405 1006 526 1054 major
563 1004 769 1041 multitudo
806 1004 1089 1042 Germanorum
1128 1005 1310 1045 Rhenum

157 1066 441 1112 transducatur,
461 1066 704 1116 Galliamque
724 1078 877 1103 omnem
897 1066 944 1103 ab
966 1066 1152 1104 Ariovisti
1170 1066 1310 1116 injurio.

156 1141 267 1178 posse
285 1127 510 1165 defendere.

203 1189 370 1225 xxxu.
426 1189 513 1226 Hac
528 1188 759 1227 orationeab
777 1188 970 1226 Divitiaco
986 1189 1130 1235 habita,
1146 1202 1298 1236 ornnes,

154 1251 220 1302 qui
237 1251 418 1297 aderant,
447 1263 588 1301 magno
607 1250 702 1288 fletu
721 1250 907 1288 auxilium
935 1263 960 1288 a
979 1252 1146 1289 Caesare
1172 1258 1307 1300 petere

154 1318 380 1362 coeperunt.
436 1311 723 1348 Animadvertit
754 1312 912 1357 Caesar,
943 1324 1038 1348 unos
1059 1323 1107 1348 ex
1129 1312 1306 1352 omnibus

155 1372 356 1424 Sequanos
375 1373 469 1409 nihil
489 1385 620 1410 earum
640 1385 766 1410 rerum
782 1368 926 1419 facere,
947 1386 1040 1423 quas
1061 1373 1184 1411 ceteri
1204 1374 1311 1411 face-

155 1441 260 1477 rent;
280 1434 347 1471 sed
362 1433 503 1479 tristes,
519 1434 644 1484 capite
660 1434 840 1479 demisso,
860 1441 1002 1473 terram
1018 1435 1169 1472 intueri.
1210 1435 1306 1484 Ejus

154 1495 210 1533 rei
230 1508 367 1533 caussa
381 1507 479 1545 quae
492 1503 606 1541 esset,
623 1495 797 1541 miratus,
815 1508 868 1534 ex
882 1495 973 1545 ipsis
987 1496 1164 1546 quaesiit.
1198 1496 1306 1535 Nihil

155 1557 329 1606 Sequani
349 1556 597 1607 respondere,
618 1556 686 1594 sed
704 1556 744 1593 in
763 1556 899 1594 eadem
919 1556 1074 1595 tristitia
1093 1557 1201 1596 taciti
1221 1568 1308 1607 per-

163 1631 330 1656 manere.
366 1619 497 1660 Quum
517 1619 564 1655 ab
577 1618 621 1655 iis
640 1617 791 1668 saepius
812 1624 1031 1668 quaereret,
1051 1631 1176 1669 neque
1193 1619 1311 1656 ullam

159 1680 316 1717 omnino
352 1691 487 1717 vocem
520 1680 737 1730 exprimere
776 1686 921 1730 posset,
957 1680 1059 1717 idem
1091 1679 1310 1721 Divitiacus

153 1741 317 1778 Aeduus
338 1740 559 1791 respondit:
600 1741 689 1778 Hoc
709 1754 792 1778 esse
812 1741 1048 1778 miseriorem
1069 1741 1305 1792 graviorem-

155 1814 231 1851 que
250 1801 445 1839 fortunam
467 1801 747 1852 Sequanorum,
776 1815 891 1852 quam
911 1801 1146 1852 reliquorum
1164 1817 1173 1845 ;
1202 1801 1307 1852 quod

154 1864 226 1901 soli
246 1876 294 1901 ne
324 1863 361 1899 in
377 1863 536 1901 occulto
556 1863 712 1914 quidem
732 1864 854 1914 queri,
874 1876 1001 1914 neque
1019 1863 1206 1902 auxilium
1234 1863 1305 1900 im-

161 1924 325 1974 plorare,
340 1923 540 1969 auderent,
561 1924 808 1974 absentisque
825 1923 1010 1962 Ariovisti
1025 1923 1310 1970 crudelitatem,

160 1985 265 2023 velut
282 1985 313 2023 si
330 1998 460 2024 coram
480 1986 646 2032 adesset,
666 1985 885 2025 horrerent:
905 1993 1112 2037 propterea
1131 1985 1234 2036 quod
1249 1998 1309 2023 re-

156 2046 271 2097 liquis
290 2053 420 2084 tamen
446 2046 563 2097 fugae
591 2047 754 2085 facultas
773 2047 956 2090 daretur-3
994 2047 1183 2097 Sequanis
1203 2059 1308 2092 vero,

153 2108 222 2158 »qui
242 2108 342 2145 intra
359 2107 455 2145 fines
474 2120 565 2146 suos
587 2109 825 2147 Ariovistum
856 2108 1110 2159 recepissent,
1144 2120 1307 2158 quorum

159 2169 302 2219 oppida
321 2169 450 2207 omnia
468 2169 506 2206 in
526 2177 720 2220 potestate
739 2172 822 2220 ejus
838 2178 983 2216 essent,
1004 2182 1138 2209 omnes
1156 2170 1308 2208 crucia-

159 2238 221 2268 tus
240 2238 370 2268 essent
388 2230 620 2282 perferendi.

155 2317 157 2319 -
213 2291 402 2330 XXXIII.
456 2292 531 2330 His
549 2293 664 2331 rebus
680 2292 857 2343 cognitis,
876 2293 1021 2331 Caesar
1039 2291 1243 2330 Gallorum
1269 2303 1309 2328 a·

160 2351 284 2390 nimos
302 2353 427 2391 verbis
446 2352 701 2401 confirmavit,
737 2354 1009 2405 pollicitusque
1029 2360 1101 2399 est,
1135 2352 1205 2400 gibi
1225 2364 1308 2391 eam
