1556 2683
286 230 358 267 1‘82
562 229 637 266 DE
679 227 858 266 BELLO
898 226 1145 267 GALLICO

280 331 449 383 gendum
468 331 676 376 videretur,
697 345 837 382 neque,
858 332 966 382 signo
983 330 1192 382 recipiendi
1208 330 1312 377 dato,
1333 343 1431 369 eon·

281 393 480 438 stitissent‚
509 406 635 443 neque
653 394 699 430 ab
728 393 890 430 tribunis
908 393 1070 430 militum
1100 392 1314 442 legatisque
1341 393 1433 429 reti·

281 454 363 492 neri
385 454 617 504 potuissent;
646 453 838 504 exposito,
868 454 959 504 quid
979 453 1158 503 iniquitas
1178 454 1252 490 loci
1285 461 1433 503 posset,

280 515 373 566 quid
394 516 471 565 ipse
492 515 540 552 ad
562 515 770 552 Avaricum
791 515 985 558 sensisset,
1006 527 1137 565 quum,
1167 515 1249 551 sine
1270 514 1369 552 duce
1393 520 1434 551 et

280 576 363 613 sine
380 576 550 626 equitatu
571 576 820 625 deprehensis
852 575 1037 620 hostibus,
1080 575 1320 625 exploratam
1353 574 1433 612 vic-

280 637 419 674 toriam
452 637 670 682 dimisisset,
706 649 754 672 ne
782 649 938 686 parvum
959 636 1072 672 modo
1101 636 1373 673 detrimentum
1393 636 1434 672 in

282 698 532 735 contentione
547 704 704 748 propter
722 697 961 747 iniquitatem
975 697 1049 734 loci
1065 697 1273 734 accideret.
1303 698 1434 738 Quan-

281 768 416 811 topere
436 772 567 797 eorum
594 759 708 796 animi
730 759 1032 808 magnitudinem
1055 759 1319 803 admiraretur,
1341 766 1436 809 quos

283 835 358 858 nou
390 828 601 858 castrorum
622 820 869 864 munitiones,
889 832 964 856 non
985 819 1148 856 altitudo
1167 819 1324 864 montis,
1353 831 1431 856 non

281 889 413 919 murus
435 897 441 903 ’
460 881 564 931 ρρί·ῑί
584 881 736 918 tardare
769 881 980 930 potuisset3
1015 887 1216 929 tantopere
1239 879 1435 917 licentiam

283 942 618 992 arrogantiamque
650 941 950 991 reprehendere,
981 941 1084 991 quod
1115 940 1201 991 plus
1233 953 1288 986 se,
1323 953 1437 991 quam

281 1005 569 1054 imperatorem,
604 1002 651 1039 de
672 1002 833 1039 victoria
861 1009 978 1052 atque
1002 1002 1110 1039 exitu
1130 1015 1257 1039 rerum
1292 1003 1434 1040 sentire

281 1066 572 1104 existimarent:
610 1075 682 1100 nec
701 1064 826 1100 minus
854 1076 895 1100 se
929 1063 964 1099 in
986 1063 1106 1100 milite
1137 1062 1362 1100 modestiam
1396 1070 1435 1100 et

283 1127 574 1171 continentiam,
597 1134 711 1176 quam
727 1124 922 1170 virtutem,
938 1132 1054 1174 atque
1067 1124 1182 1161 animi
1202 1124 1435 1174 magnitudi-

282 1201 386 1233 nem,
420 1187 651 1225 desiderare.

332 1248 443 1285 LIII.
498 1248 586 1285 Hac
606 1246 739 1284 habita
758 1246 960 1292 concione,
981 1253 1020 1283 et
1041 1247 1088 1283 ad
1108 1253 1325 1283 extremum
1353 1257 1438 1284 ora-

283 1311 388 1349 tione
405 1308 640 1347 confirmatis
655 1307 852 1353 militibus,
875 1321 922 1345 ne
938 1308 985 1344 ob
1003 1307 1102 1345 lianc
1123 1321 1294 1345 caussam
1311 1309 1440 1346 animo

282 1377 613 1422 permoverentur,
642 1382 732 1415 neu,
754 1369 857 1419 quod
877 1368 1057 1419 iniquitas
1076 1369 1151 1406 loci
1173 1369 1376 1415 attulisset,
1397 1369 1436 1406 id

281 1432 412 1469 virtuti
434 1432 599 1468 hostium
619 1430 849 1473 tribuerent;
879 1431 1010 1468 eadem
1038 1430 1085 1467 de
1113 1430 1355 1480 profectione
1376 1443 1440 1467 co-

283 1494 423 1544 guam,
446 1505 543 1543 quae
563 1499 654 1530 ante
667 1498 862 1535 senserat,
881 1491 1053 1540 legiones
1074 1505 1122 1528 ex
1140 1492 1273 1528 castris
1287 1492 1436 1538 eduxit,

283 1555 483 1604 aciemque
505 1554 642 1591 idoneo
661 1553 748 1591 loco
769 1552 981 1590 constituit.
1031 1553 1159 1595 Quum
1182 1553 1437 1603 Vercingeto-

282 1616 342 1653 rix
363 1616 481 1653 nihilo
502 1616 623 1664 magis
644 1615 680 1651 in
710 1627 874 1664 aequum
900 1614 1027 1650 locum
1057 1614 1325 1659 descenderet,
1354 1614 1429 1652 levi

282 1672 386 1715 facto
419 1676 585 1726 equestri
618 1675 779 1726 proeli0‚
809 1682 925 1725 atque
944 1687 990 1712 eo
1021 1675 1205 1719 secundo,
1239 1675 1274 1712 in
1308 1683 1434 1714 castra

283 1739 500 1776 exercitum
521 1737 687 1774 reduxit.
742 1737 869 1778 Quum
891 1736 964 1773 hoc
996 1736 1095 1773 idem
1116 1744 1270 1786 postero
1290 1737 1352 1774 die
1379 1737 1438 1775 fe-

284 1800 413 1843 cisset,
443 1798 532 1835 satis
553 1798 600 1834 ad
626 1797 814 1834 Gallicam
849 1796 1147 1834 ostentationem
1175 1797 1436 1844 minuendam,
1554 1829 1556 1843 ,

282 1860 524 1909 militumque
543 1859 688 1896 animos
710 1859 1006 1902 confirmandos,
1036 1858 1178 1895 factum
1201 1859 1440 1906 existimans,
1553 1846 1556 1867 ³

282 1921 321 1957 in
344 1921 502 1958 Aeduos
522 1927 647 1957 castra
673 1919 802 1956 movit.
868 1919 928 1956 Ne
957 1926 1037 1956 tum
1068 1919 1222 1969 quidem
1254 1920 1436 1958 insecutis

282 1981 470 2026 hostibus,
493 1993 544 2018 111
567 1981 628 2018 die
648 1981 696 2018 ad
717 1980 858 2018 flumen
881 1980 1018 2018 Elaver
1036 1988 1192 2031 pontem
1214 1979 1363 2026 refecit,
1384 1989 1442 2018 at-

284 2055 360 2093 que
380 2042 595 2079 exercitum
617 2041 848 2079 transduxit.

336 2103 441 2139 LIV.
515 2103 572 2139 lbi
602 2116 623 2140 a
657 2102 887 2140 Virdumaro
925 2110 1040 2153 atque
1074 2102 1327 2153 Eporedirige
1366 2102 1441 2139 Ae·
1544 2069 1549 2130 i

285 2163 370 2200 duis
389 2163 616 2213 appellatus,
637 2162 763 2207 discit,
793 2176 880 2200 cum
900 2163 1001 2199 omni
1024 2161 1196 2212 equitatu
1217 2161 1436 2199 Litavicum
1545 2139 1551 2264 1

285 2224 335 2260 ad
354 2223 613 2261 sollicitandos
648 2223 808 2260 Aeduos
829 2225 1068 2273 proiectum:
1098 2235 1192 2272 opus
1213 2234 1294 2259 esse
1323 2229 1362 2258 et
1383 2221 1440 2271 ip-

286 2296 347 2325 sos
379 2284 612 2335 praecedere
646 2285 696 2322 ad
725 2284 1025 2324 confirmandam
1071 2283 1277 2321 civitatem.
1350 2280 1435 2319 Etsi
1547 2266 1552 2349 ΙΙ
