1556 2683
235 279 286 312 44
521 272 594 311 DE
633 273 810 311 BELLO
849 272 1091 312 GALLICO

235 389 375 426 magno
404 377 539 414 itinere
572 377 764 422 confecto,
807 377 855 413 ad
887 376 1068 426 oppidum
1105 373 1376 412 Noviodunum

236 440 447 477 contendit.
501 439 616 476 Idex
649 439 785 476 itinere
819 452 1040 490 oppugnare
1073 445 1246 484 conatus,
1274 438 1379 489 quod

235 513 398 537 vacuum
429 501 477 537 ab
511 499 776 536 defensoribus
809 512 890 537 esse
924 499 1116 544 audiebat,
1148 505 1306 549 propter
1324 498 1379 535 Ia-

235 561 440 597 titudinem
459 560 597 606 fossae,
625 560 800 610 murique
819 560 1074 605 altitudinem,
1092 559 1225 609 paucis
1245 558 1381 596 defen-

237 621 429 667 dentibus,
450 634 674 672 expugnare
694 634 769 658 non
789 620 925 671 potuit.
980 619 1123 657 CastriS
1138 619 1308 665 munitis,
1327 618 1390 656 vi·-

235 694 326 718 neas
342 694 471 731 agere,
485 695 660 732 quaeque
676 682 723 718 ad
739 681 1037 732 oppugnandum
1054 680 1138 717 usui
1153 687 1262 717 erant
1277 692 1398 716 com·v

238 755 385 792 parare,
420 742 560 792 coepit.
614 741 773 779 Interim
805 742 927 779 omnis
946 754 996 778 ex
1023 741 1117 790 fuga
1136 740 1382 777 Suessionum

237 802 443 840 multitudo
463 803 500 839 in
521 803 703 853 oppidum
716 802 891 852 proxima
905 810 1019 840 nocte
1037 801 1228 839 convenit.
1268 801 1380 838 Cele-

237 864 329 899 riter
348 863 467 900 vineis
482 864 530 900 ad
545 863 726 914 oppidum
744 863 853 907 actis,
886 875 1028 912 aggere
1043 863 1165 911 jacto,
1197 861 1384 898 turribus-

238 937 311 973 que
332 924 562 969 constitutis,
582 923 844 973 magnitudine
865 935 1038 973 operum,
1067 935 1164 973 quae
1184 934 1309 972 neque
1329 922 1384 958 vi-

236 985 371 1022 derant
390 988 478 1022 ante
499 984 615 1029 Galli,
643 996 768 1034 neque
788 983 1003 1029 audierant,
1032 991 1072 1020 et
1087 983 1284 1020 celeritate
1305 983 1385 1020 Ro-

239 1058 457 1090 manorum,
475 1044 654 1095 permoti,
673 1044 821 1094 legatos
835 1044 882 1081 ad
903 1044 1106 1081 Caesarem
1121 1044 1168 1081 de
1188 1043 1384 1082 deditione

238 1106 411 1152 mittunt,
432 1112 485 1152 et,
497 1104 719 1155 petentibus
741 1104 885 1149 Remis,
908 1111 949 1142 ut
963 1111 1296 1151 conservarentur,
1317 1102 1387 1141 im-

239 1175 405 1218 petrant.

292 1228 404 1265 XIII.
458 1229 614 1274 Caesar,
646 1229 841 1266 obsidibus
868 1228 1042 1279 acceptis
1057 1227 1186 1279 primis
1206 1227 1386 1274 civitatis,

240 1298 355 1340 atque
375 1290 491 1340 ipsius
513 1290 661 1327 Galbae
682 1290 781 1340 regis
801 1290 951 1327 duobus
970 1289 1071 1334 filiis,
1098 1288 1288 1338 armisque
1307 1301 1388 1325 om-

241 1351 351 1387 nibus
375 1363 423 1387 ex
458 1350 600 1400 oppido
635 1350 795 1395 traditis,
826 1350 862 1386 in
895 1350 1132 1387 deditionem
1165 1349 1391 1386 Suessiones

241 1411 410 1461 accepit;
430 1411 720 1461 exercitumque
735 1411 770 1446 in
790 1411 1011 1447 Bellovacos
1028 1410 1146 1447 ducit.
1175 1410 1249 1451 Qui
1271 1422 1392 1459 quum

240 1485 280 1509 se
299 1484 445 1522 suaque
465 1471 593 1508 omnia
612 1471 649 1507 in
670 1470 852 1520 oppidum
874 1469 1186 1521 Bratuspantium
1206 1469 1394 1506 contulis-

242 1540 342 1578 sent,
371 1540 486 1582 atque
506 1532 552 1568 ab
585 1544 630 1568 eo
651 1531 801 1582 oppido
816 1531 957 1568 Caesar
977 1543 1063 1567 cum
1084 1529 1260 1566 exercitu
1281 1529 1394 1566 circi-

241 1602 301 1630 ter
320 1593 441 1630 millia·
457 1605 636 1643 passuum
658 1604 684 1628 v
704 1592 868 1637 abesset,
889 1603 1021 1628 omnes
1034 1591 1197 1639 majores
1217 1596 1321 1634 natu,
1342 1602 1395 1627 ex*

242 1653 386 1704 oppido
406 1653 564 1703 egressi,
595 1666 728 1689 manus
757 1653 806 1689 ad
826 1653 1029 1689 Caesarem
1050 1651 1208 1688 tendere
1241 1657 1279 1686 et
1297 1662 1393 1687 voce

243 1715 459 1765 significare
480 1721 707 1764 coeperunt,
735 1726 818 1750 sese
851 1713 887 1749 in
922 1714 1003 1762 ejus
1024 1711 1136 1748 fldem
1157 1723 1202 1748 ac
1222 1718 1391 1761 potesta·

244 1785 320 1813 tem
341 1775 485 1820 venire,
514 1788 638 1825 neque
659 1783 795 1812 eontra
813 1773 999 1824 populum
1033 1772 1247 1809 Romanum
1278 1771 1392 1808 armis

244 1836 493 1875 contendere.
536 1837 648 1881 Item,
665 1849 781 1886 quum
798 1835 845 1871 ad
859 1833 1042 1884 oppidum
1054 1832 1292 1877 accessisset,
1310 1844 1393 1868 cas-

243 1906 379 1947 traque
400 1896 451 1932 ibi
470 1903 646 1946 poneret,
672 1895 785 1946 pueri¹
800 1894 1055 1943 mulieresque
1075 1905 1125 1929 ex
1144 1905 1254 1930 muro
1273 1890 1393 1942 passis

246 1959 434 2005 manibus,
453 1971 522 1995 suo
541 1970 662 2001 more,
692 1968 826 2006 pacem
846 1955 894 1992 ab
915 1954 1098 1991 Romanis
1117 1953 1323 2003 petierunt.

298 2019 406 2057 XIV.
444 2018 519 2055 Pro
539 2018 598 2054 his
617 2017 832 2054 Divitiacus
854 2015 961 2066 (nam
979 2021 1067 2064 post
1079 2014 1289 2051 discessum
1308 2012 1395 2050 Bel-

245 2094 394 2132 garum,
423 2078 586 2116 dimissis
607 2078 835 2114 Aeduorum
869 2075 1003 2127 copiis,
1031 2075 1080 2112 ad
1109 2087 1196 2112 eum
1226 2081 1395 2111 reverte-

246 2142 326 2192 rat)
350 2141 443 2178 facit
462 2140 600 2177 verba:
631 2138 861 2175 Bellovacos
870 2136 972 2174 omni
993 2144 1167 2185 tempore
1186 2134 1225 2171 in
1244 2133 1318 2171 fide
1338 2141 1394 2171 at-

247 2217 321 2254 que
341 2201 508 2239 amicitia
528 2200 694 2238 civitatis
714 2199 877 2236 Aeduae
896 2197 1040 2234 fuisse:
1060 2195 1240 2246 impulsos
1253 2195 1299 2232 ab
1318 2194 1395 2231 suis

247 2263 498 2315 principibus,
526 2261 591 2312 qui
611 2260 799 2306 dicerent,
828 2258 1001 2303 Aeduos,
1033 2270 1055 2294 a
1075 2257 1239 2294 Caesare
1260 2255 1296 2291 in
1317 2267 1396 2291 ser-

248 2325 407 2362 vitutem
428 2323 618 2368 redacto&
648 2332 779 2358 omnes
800 2318 1048 2370 indignitates
1068 2315 1395 2365 contumeliasque
1414 2335 1418 2340 ·
