1556 2683
283 215 354 251 154
597 211 671 250 DE
709 211 887 249 BELLO
924 210 1169 249 GALLICO

278 327 405 360 rones,
428 314 629 361 Aulercos,
648 314 888 361 Lemovices,
910 315 1056 360 Andes,
1075 314 1316 365 reliquosque
1338 327 1421 352 om-

278 389 360 422 nes,
389 376 453 426 qui
472 388 658 413 oceanum
679 376 887 426 attingunt,
916 375 1112 425 adjungit:
1140 374 1309 412 omnium
1339 388 1430 413 con-

279 448 393 473 sensu
412 436 460 473 ad
478 449 566 473 eum
585 436 756 473 defertur
775 436 989 487 imperium.
1043 437 1131 478 Qua
1149 435 1278 473 oblata
1297 443 1426 486 potes-

279 503 374 542 tate,
394 496 568 533 omnibus
587 496 646 533 his
665 496 881 534 civitatibus
908 497 1058 534 obsides
1076 497 1253 548 imperat,
1271 503 1421 535 certum

278 570 481 595 numerum
495 556 659 594 militum
678 557 726 594 ad
740 570 780 595 se
795 557 973 595 celeriter
991 557 1131 595 adduci
1146 558 1280 608 jubet:
1300 569 1423 594 armo-

279 630 362 655 rum
394 609 578 668 quantum
611 630 787 668 quaeque
818 617 949 655 civitas
981 618 1097 664 domi,
1126 618 1306 669 quodque
1333 624 1424 655 ante

279 684 445 728 tempus,
478 676 629 723 efficiat,
667 677 866 715 constituit
883 693 892 715 :
921 678 958 715 in
991 679 1121 730 primis
1140 679 1328 729 equitatui
1348 685 1428 716 stu-

282 737 362 775 det.
417 738 596 775 Summae
627 737 848 788 diligentiae
867 751 1052 775 summam
1082 738 1229 788 imperii
1247 738 1426 776 severita-

282 805 360 835 tem
388 798 494 836 addit
510 812 519 835 :
552 799 816 848 magnitudine
847 799 1023 849 supplicii
1056 799 1275 836 dubitantes
1308 798 1425 848 cogit.

281 871 384 903 nam,
416 860 560 908 majore
588 859 790 897 commisso
811 859 967 904 delicto,
1005 858 1086 909 igni
1105 866 1218 909 atque
1247 858 1423 896 omnibus

280 921 483 957 tormentis
508 927 643 958 necat:
672 920 814 958 leviore
833 920 881 957 de
901 932 1049 965 caussa,
1075 919 1228 957 auribus
1247 919 1426 966 desectis,

280 989 347 1018 aut
365 981 524 1031 singulis
539 980 682 1017 effossis
698 979 832 1025 oculis,
851 980 1006 1017 domum
1021 979 1196 1026 remittit,
1216 986 1259 1016 ut
1277 979 1352 1017 sint
1367 992 1428 1017 re-

279 1033 394 1091 liquis
413 1041 659 1087 documento,
679 1047 719 1078 et
736 1039 1000 1091 magnitudine
1019 1052 1167 1090 poenae
1186 1047 1427 1091 perterreant

280 1101 388 1139 alios.

333 1163 381 1200 V.
438 1163 512 1201 His
530 1163 725 1215 suppliciis
755 1164 931 1202 celeriter
951 1171 1086 1201 coacto
1106 1163 1293 1210 exercitu,
1323 1163 1429 1203 Luc·

280 1223 420 1261 terium
441 1225 673 1270 Cadurcum,
705 1236 874 1262 summae
894 1224 1088 1261 hominem
1116 1224 1313 1270 audaciae,
1340 1238 1429 1263 cum

279 1293 390 1336 parte
409 1287 605 1337 copiarum
632 1286 671 1323 in
691 1286 866 1323 Rutenos
896 1285 1036 1329 mittit;
1063 1285 1144 1336 ipse
1176 1284 1214 1322 in
1234 1285 1429 1336 Bituriges

279 1346 549 1397 proficiscitur.
618 1346 712 1396 Ejus
748 1346 916 1383 adventu
947 1346 1141 1396 Bituriges
1172 1345 1220 1383 ad
1253 1346 1430 1393 Aeduos,

282 1421 446 1458 quorum
466 1414 576 1445 erant
594 1408 633 1444 in
651 1406 742 1452 fide,
769 1406 918 1455 legatos
936 1406 1108 1451 mittunt,
1141 1405 1351 1443 subsidium
1370 1419 1433 1444 ro-

283 1474 431 1517 gatum,
462 1480 537 1518 quo
554 1465 704 1504 facilius
723 1466 890 1503 hostium
910 1466 1039 1516 copias
1058 1465 1245 1504 sustinere
1271 1466 1431 1516 possint.

283 1528 430 1574 Aedui,
455 1528 505 1566 de
527 1526 688 1565 consilio
706 1526 936 1577 legatorum,
966 1539 1061 1577 quos
1081 1527 1222 1565 Caesar
1248 1527 1297 1564 ad
1322 1540 1435 1565 exer-

284 1589 403 1627 citum
418 1589 638 1639 reliquerat,
658 1587 789 1638 copias
808 1587 999 1638 equitatus
1016 1588 1286 1639 peditatusque
1305 1588 1428 1626 subsi-

284 1650 349 1688 dio
369 1649 608 1700 Biturigibus
622 1648 797 1686 mittuntz
826 1648 892 1698 qui
907 1661 1024 1699 quum
1039 1648 1088 1685 ad
1106 1648 1248 1686 flumen
1261 1648 1432 1699 Ligerim

283 1711 492 1757 venissent,
522 1710 626 1761 quod
653 1709 846 1759 Bituriges
864 1709 912 1746 ab
945 1709 1094 1746 Aeduis
1113 1709 1261 1756 dividit,
1291 1722 1434 1760 paucos

284 1771 366 1809 dies
385 1771 437 1809 ibi
462 1770 613 1817 morati,
644 1782 771 1820 neque
789 1769 934 1807 flumen
962 1769 1123 1806 transire
1151 1770 1246 1816 ausi,
1277 1771 1433 1808 domum

283 1839 550 1870 revertuntur:
578 1831 791 1881 legatisque
813 1830 952 1867 nostris
971 1829 1212 1877 renunciant,
1240 1844 1294 1876 se,
1323 1831 1432 1869 Bitu-

285 1891 410 1942 rigum
429 1891 627 1943 perfidiam
645 1890 802 1937 veritos,
821 1889 1038 1937 revertisse,
1066 1891 1203 1941 quibus
1222 1890 1262 1928 id
1280 1891 1430 1929 consilii

284 1951 402 1990 fuisse
422 1951 688 2003 cognoverint,
721 1958 778 1997 ut,
810 1951 841 1988 si
859 1950 1002 1988 flumen
1022 1953 1259 1998 transissent,
1285 1965 1361 1989 una
1383 1964 1433 1990 ex

283 2018 394 2062 parte
408 2010 492 2062 ipsi,
508 2010 629 2048 altera
641 2010 820 2055 Arverni,
840 2022 881 2047 se
897 2010 1234 2054 circumsisterent.
1269 2011 1317 2049 Id
1336 2024 1432 2051 eane

285 2071 335 2109 de
350 2083 498 2117 caussa,
514 2084 627 2122 quam
641 2070 778 2120 legatis
793 2071 1110 2121 pronunciat-unt,
1130 2085 1178 2110 an
1192 2071 1352 2123 perfidia
1365 2072 1434 2110 ad-

285 2132 407 2178 ducti,
428 2131 608 2178 fecerint,
628 2131 732 2182 quod
750 2131 843 2168 nihil
862 2132 972 2170 nobis
992 2140 1155 2180 constat,
1183 2146 1259 2171 non
1278 2123 1430 2171 iidetur

285 2206 356 2245 pro
376 2199 482 2231 certo
501 2205 584 2230 esse
599 2192 831 2244 ponendum.
885 2192 1080 2243 Bituriges
1107 2206 1240 2233 eorum
1259 2194 1430 2233 discessu

285 2253 414 2292 statim
433 2265 474 2293 se
489 2265 577 2293 cum
597 2253 782 2292 Arvernis
794 2254 1049 2305 conjungunt.
