1556 2683
540 238 707 278 LIBER
760 238 830 277 VI.
1186 242 1256 279 141

110 343 217 382 nubii
231 343 389 394 regione
403 341 572 395 pertinet
583 344 632 381 ad
644 344 741 382 fines
754 344 967 388 Dacorum,
981 348 1020 380 et
1037 342 1262 380 Anartium:

109 404 200 442 hinc
214 417 255 442 se
270 404 394 441 flectit
409 404 663 450 sinistrorsus,
683 404 840 442 diversis
855 404 904 441 ab
918 403 1076 441 flumine
1093 403 1263 453 regioni-

109 465 197 511 bus,
217 465 500 516 multarumque
519 466 693 516 gentium
725 466 820 503 fines
849 471 1008 516 propter
1030 463 1263 513 magnitudi-

107 539 196 564 nem
224 525 392 576 attingit.
438 539 563 577 neque
583 528 782 578 quisquam
803 532 861 564 est
879 527 993 576 hujus
1013 524 1261 570 Germaniae,

107 586 173 638 qui
198 598 240 624 se
267 594 334 624 aut
353 587 476 625 adisse
495 588 545 625 ad
574 588 724 626 initium
744 590 827 638 ejus
856 587 972 625 silvae
993 586 1110 630 dicat,
1143 598 1263 636 quum

107 647 257 685 dierum
286 647 359 685 iter
378 659 431 685 Lx
450 649 696 699 processerit,
722 657 802 695 aut,
831 662 907 701 quo
926 661 976 686 ex
995 649 1082 686 loco
1103 648 1262 692 oriatur,

108 709 317 760 acceperit.
355 709 484 746 Multa
503 709 541 746 in
556 722 603 747 ea
616 723 760 760 genera
777 710 945 749 ferarum
965 709 1072 746 nasci
1092 715 1259 754 constat,

107 782 207 821 quae
228 770 383 822 reliquis
402 770 441 807 in
460 770 554 809 locis
574 771 654 809 visa
672 784 750 810 non
770 772 870 809 sint:
902 784 953 809 ex
973 771 1124 821 quibus,
1158 782 1256 821 quae

105 831 275 868 maxime
307 830 485 868 differant
504 832 552 870 ab
580 832 734 879 ceteris,
762 840 801 870 et
819 832 1027 870 memoriae
1059 831 1261 883 prodenda

103 892 322 939 videantur,
352 893 448 931 haec
467 901 566 931 sunt-

158 953 307 991 XXVI.
362 953 434 991 Est
452 955 521 992 bos
541 955 644 993 cervi
663 956 800 1007 figura,
822 956 932 1005 cujus
951 967 974 992 a
992 954 1117 992 media
1134 953 1261 990 fronte

103 1014 204 1052 inter
222 1027 333 1052 aures
353 1029 471 1053 uuum
493 1029 612 1054 cornu
632 1017 799 1062 exsistit,
828 1016 1034 1061 excelsius,
1056 1015 1255 1066 magisque

103 1075 296 1113 directum
330 1076 403 1123 his,
431 1090 529 1128 quae
549 1079 659 1116 nobis
688 1086 780 1116 nota
809 1085 913 1124 sunt,
946 1077 1139 1115 cornibus.
1194 1075 1259 1112 Ab

103 1138 189 1187 ejus
207 1150 371 1184 summo,
391 1138 491 1177 sicut
510 1139 673 1189 palmae,
693 1138 788 1176 rami
809 1150 923 1189 quam
944 1138 1021 1176 late
1040 1136 1259 1175 diffundun-

102 1204 178 1235 tur.
222 1198 368 1236 Eadem
389 1206 448 1237 est
462 1199 629 1238 feminae
648 1200 840 1252 marisque
859 1206 1010 1245 natura,
1030 1198 1165 1236 eadem
1181 1196 1259 1234 for-

103 1272 168 1298 ma
187 1260 493 1313 magnitudoque
512 1275 714 1301 cornuum.

155 1309 326 1358 XXVH.
382 1321 482 1360 Sunt
500 1322 607 1370 item,
628 1336 726 1375 quae
741 1323 987 1374 appellantur
1011 1321 1138 1359 Alces.
1175 1318 1259 1356 Ha-

101 1394 186 1420 rum
206 1389 264 1419 est
293 1383 502 1421 consimilis
522 1385 646 1435 capris
665 1384 803 1435 figura,
833 1391 872 1422 et
890 1383 1054 1421 varietas
1073 1382 1257 1434 pellium;

99 1443 171 1482 sed
191 1444 457 1494 magnitudine
484 1446 614 1497 paullo
633 1447 884 1491 antecedunt,
910 1445 1144 1495 mutilaeque
1164 1448 1256 1480 sunt

101 1505 298 1552 cornibus,
318 1513 358 1544 et
377 1518 492 1544 crura
505 1507 586 1545 sine
607 1507 717 1545 nodis
736 1507 984 1558 articulisque
1000 1507 1161 1548 habent;
1188 1517 1255 1541 ne-

100 1579 177 1618 que
197 1567 338 1618 quietis
352 1580 488 1606 caussa
501 1570 774 1619 procumbunt,
796 1581 936 1620 neque,
957 1569 986 1605 si
1004 1580 1081 1618 quo
1097 1566 1259 1604 afflictae

100 1643 195 1669 casu
215 1630 473 1677 conciderint,
504 1631 655 1682 erigere
674 1644 758 1669 sese
781 1638 847 1668 aut
866 1630 1065 1668 sublevare
1087 1634 1262 1679 possunt.

99 1692 177 1731 His
195 1699 285 1731 sunt
312 1693 470 1729 arbores
496 1705 567 1743 pro
588 1693 803 1731 cubilibus:
833 1692 882 1730 ad
901 1704 964 1729 eas
984 1704 1025 1729 se
1045 1690 1257 1741 applicant,

103 1761 220 1805 atque
240 1753 294 1791 ita
312 1753 483 1804 paullum
502 1753 618 1791 modo
639 1754 848 1792 reclinatae
877 1753 1047 1804 quietern
1076 1751 1260 1802 capiunt:

100 1828 262 1866 quarum
283 1828 334 1852 ex
353 1815 525 1865 vestigiis
559 1828 677 1866 quum
697 1822 755 1854 est
775 1814 1082 1853 animadversum
1101 1825 1124 1850 a
1142 1824 1258 1849 vena-

100 1878 260 1923 toribus,
282 1890 358 1928 quo
375 1889 414 1914 se
429 1876 602 1927 recipere
616 1878 854 1922 consuerint,
875 1888 1007 1913 omnes
1023 1888 1069 1912 eo
1085 1874 1173 1911 loco
1193 1879 1260 1910 aut

100 1940 148 1978 ab
180 1939 375 1977 radicibus
394 1939 585 1976 subruunt
613 1947 680 1977 aut
698 1939 883 1977 accidunt
915 1938 1070 1975 arbores
1090 1942 1254 1980 tantum,

101 2008 144 2039 ut
162 2013 310 2039 summa
329 2000 478 2051 species
497 2012 628 2038 earum
647 2000 830 2038 stantium
857 1999 1110 2049 relinquatur.
1165 1995 1258 2032 Huc

103 2076 221 2113 quum
241 2075 281 2099 se
301 2060 583 2100 consuetudine
603 2061 887 2107 reclinaverint,
916 2060 1084 2097 infirmas
1103 2057 1261 2095 arbores

103 2124 276 2174 pondere
296 2122 482 2173 affligunt,
502 2131 619 2174 atque
634 2135 711 2160 una
730 2123 833 2174 ipsae
855 2121 1079 2160 concidunt.

157 2183 347 2221 XXVIII.
403 2182 579 2220 Tertium
600 2191 659 2220 est
686 2195 808 2233 genus
828 2195 976 2228 eorum,
1010 2180 1074 2232 qui
1095 2178 1165 2218 Uri
1191 2191 1258 2229 ap-

101 2246 307 2298 pellantur.
348 2245 400 2282 Hi
421 2253 510 2282 sunt
530 2244 796 2295 magnitudine
812 2244 941 2294 paullo
960 2242 1059 2280 infra
1076 2241 1260 2292 elephan-

117 2315 204 2353 tos;
229 2306 374 2359 specIe,
406 2313 447 2345 et
467 2305 615 2352 colore,
644 2312 685 2344 et
712 2306 837 2356 figura
865 2305 977 2344 tauri.
1031 2303 1181 2355 Magna
1209 2300 1266 2340 vis
