1556 2683
247 272 323 309 5260
565 272 638 309 DE
678 274 855 311 BELLO
897 275 1061 312 CIVILI

245 380 357 410 tuunt
390 376 582 412 communi
603 377 760 414 consilio
792 378 932 414 bellum
955 378 1003 414 ad
1021 377 1199 422 Ilerdam,
1224 384 1382 427 propter

244 431 361 482 ipsius
380 434 453 471 loci
474 436 813 485 opportunitatem,
834 450 980 485 gerere.

286 493 471 531 XXXIX.
526 495 658 541 Erant,
672 504 714 532 ut
732 509 845 547 supra
857 498 1154 535 demonstratum
1175 505 1245 543 cst,
1261 498 1378 547 legio-

241 568 308 592 nes
329 555 478 593 Afranii
501 571 565 602 ιιι,
599 557 740 594 Petreii
761 569 808 602 11,
837 565 1035 607 praeterea
1062 565 1232 595 scutatae
1253 558 1380 595 citeri-

242 616 316 653 oris
335 617 568 666 provinciae,
598 625 637 653 et
665 624 833 654 cetratae
853 618 1042 655 ulterioris
1069 618 1292 668 Hispaniae,
1317 632 1380 655 co-

241 677 371 714 hortes
385 678 537 715 circiter
555 690 648 724 xxo,
670 679 838 728 equitum
859 680 1056 729 utriusque
1075 679 1292 729 provinciae
1309 679 1380 716 cir-

241 738 337 775 citer
358 750 384 774 v
404 738 532 775 millia.
587 740 728 776 Caesar
746 740 918 790 legiones
951 740 988 776 in
1022 739 1247 790 Hispaniam
1272 752 1381 789 prae-

242 799 409 844 miserat,
441 799 489 836 ad
521 812 564 835 VI
581 800 698 837 millia
729 801 871 838 auxilia
903 800 1090 851 peditum,
1123 800 1292 850 equitum
1330 815 1378 836 111

239 860 369 905 millia,
390 872 487 910 quae
507 861 682 897 omnibus
709 861 967 911 superioribus
986 861 1095 898 bellis
1113 861 1309 908 habuerat,
1343 870 1382 900 et

239 933 370 971 parem
390 934 439 958 ex
456 920 582 957 Gallia
601 935 814 968 numerum,
836 935 948 972 quem
969 922 1049 972 ipse
1068 930 1279 972 paraverat,
1312 937 1382 960 no-

239 981 410 1018 minatim
431 994 479 1018 ex
501 983 675 1019 omnibus
696 983 912 1020 civitatibus
932 983 1164 1020 nobilissimo
1197 990 1236 1019 et
1255 983 1379 1020 fortis-

238 1043 334 1080 simo
353 1055 506 1093 quoque
525 1051 685 1079 evocato
701 1059 709 1086 ς
740 1043 830 1080 hinc
851 1043 983 1093 optimi
1011 1043 1163 1092 generis
1182 1043 1378 1081 hominum

236 1116 285 1140 ex
307 1103 526 1153 Aquitanis,
558 1105 839 1154 montanisque,
870 1103 933 1154 qui
954 1104 1116 1140 Galliam
1144 1103 1377 1153 provinciam

235 1164 443 1213 attingunt.
514 1165 705 1202 Audierat
742 1164 965 1215 Pompeium
1002 1177 1071 1214 per
1106 1164 1379 1202 Mauritaniam

237 1239 324 1263 cum
345 1226 559 1275 legionibus
580 1226 651 1263 iter
671 1227 709 1262 in
729 1226 954 1276 Hispaniam
987 1225 1128 1270 facere,
1160 1225 1378 1262 confestim-

236 1301 310 1338 que
349 1300 431 1324 esse
463 1295 678 1324 venturum.
747 1287 866 1323 Simul
886 1299 908 1324 a
926 1286 1088 1323 tribunis
1107 1286 1268 1323 militum
1288 1300 1377 1324 cen-

234 1349 525 1399 turionibusque
544 1356 695 1386 mutuas
714 1348 897 1398 pecunias
916 1347 1073 1384 sumsit:
1105 1348 1174 1384 has
1188 1348 1377 1386 exercitui

235 1410 440 1447 distribuit.
495 1411 581 1451 Quo
600 1410 704 1446 facto
724 1409 817 1445 duas
845 1421 905 1445 res
925 1415 1152 1445 consecutus
1172 1414 1242 1453 est,
1277 1408 1377 1458 quod

236 1471 398 1522 pignore
427 1471 572 1508 animos
606 1470 873 1507 centurionum
901 1469 1088 1515 devinxit,
1117 1476 1155 1505 et
1174 1469 1376 1519 largitione

236 1533 397 1570 redemit
417 1532 578 1569 militum
599 1531 829 1568 voluntates.

288 1594 372 1629 XL.
428 1593 565 1630 Fabius
590 1592 833 1628 finitimarum
859 1591 1054 1628 civitatum
1083 1592 1228 1628 animos
1257 1592 1376 1629 literis

235 1655 463 1704 nunciisque
484 1654 670 1690 tentabat.
724 1653 770 1688 In
792 1652 923 1689 Sicore
953 1652 1108 1689 flumine
1129 1660 1264 1702 pontes
1290 1654 1378 1690 effe-

234 1723 340 1753 cerat
361 1716 469 1759 duos,
487 1715 586 1751 inter
605 1728 645 1750 sc
665 1714 850 1751 distantes
865 1713 980 1750 millia
992 1727 1169 1763 passuum
1192 1726 1249 1750 lv.
1303 1714 1376 1750 His

234 1775 415 1825 pontibus
448 1774 669 1824 pabulatum
701 1774 890 1819 mittebat,
924 1774 1028 1823 quod
1055 1786 1114 1817 ea,
1153 1787 1249 1823 quae
1283 1774 1378 1810 citra

234 1837 378 1873 fiumen
416 1836 581 1881 fuerant,
628 1835 885 1885 superioribus
927 1835 1060 1871 diebus
1103 1843 1375 1871 consumserat.

234 1899 323 1935 Hoc
343 1898 441 1934 idem
464 1898 558 1942 fere,
587 1904 702 1946 atque
734 1896 867 1933 cadem
899 1896 947 1933 dc
979 1909 1123 1941 caussa,
1153 1896 1376 1946 Pompeiani

232 1960 426 1997 exercitus
446 1959 562 1995 duces
581 1958 794 1994 faciebant:
824 1958 1037 2006 crebroque
1065 1957 1164 1993 inter
1183 1970 1222 1993 se
1244 1969 1377 2006 eques·

234 2021 355 2058 tribus
388 2020 541 2070 procliis
568 2018 865 2056 contendebant.
896 2018 987 2054 Huc
1015 2031 1129 2067 quum
1159 2017 1378 2067 quotidiana

234 2081 512 2118 consuetudine
528 2092 770 2129 congressae,
786 2078 1072 2129 pabulatoribus
1087 2078 1273 2127 praesidio
1289 2091 1376 2127 pro-

233 2143 316 2194 prio
337 2143 507 2191 legiones
528 2141 715 2177 Fabianae
738 2153 768 2176 11
791 2141 933 2177 flumen
953 2142 1190 2184 transissent,
1217 2139 1377 2188 impedi--

234 2211 439 2254 mentaque
473 2210 512 2240 et
544 2202 665 2239 omnis
696 2201 887 2251 equitatus
919 2207 1164 2250 sequeretur;
1191 2200 1317 2236 subito
1340 2200 1376 2235 vi

232 2272 433 2302 ventorum
455 2271 492 2301 et
512 2276 633 2314 aquae
653 2262 916 2312 magnitudine
936 2275 1030 2312 pons
1046 2268 1102 2298 est
1123 2261 1370 2310 interruptus,

236 2335 273 2370 et
289 2327 434 2381 reliqua
448 2326 653 2363 multitudo
674 2324 844 2374 equitum
865 2323 1082 2361 interclusa.
1138 2324 1224 2363 Quo
1245 2321 1374 2370 cognir
