1556 2683
297 212 369 248 198
589 207 663 246 DE
693 207 872 246 BELLO
902 206 1146 246 GALLICO

294 317 321 336 “
340 319 548 363 perpetuae
574 312 746 350 servituti
776 312 968 349 addicere.
1021 312 1099 357 An,
1130 310 1234 361 quod
1262 310 1311 348 ad
1329 311 1429 348 diem

293 377 320 396 “
340 386 415 410 non
435 381 636 418 venerunt,
666 373 714 410 de
741 386 875 410 eorum
893 372 969 409 fide
1001 371 1291 422 constantiaque
1320 372 1431 408 dubi-

293 438 320 456 “
340 434 455 472 tatis?
497 434 600 475 Quid
620 447 712 483 ergo
733 434 745 471 ?
808 433 1002 470 Romanos
1033 432 1071 468 in
1101 432 1172 469 illis
1192 432 1432 469 ulterioribus

293 498 318 516 “
338 494 612 531 munitionibus
642 494 808 531 animine
828 506 961 531 caussa
980 493 1150 543 quotidie
1169 493 1342 529 exerceri
1362 506 1432 542 pu-

292 560 319 577 “
339 555 456 592 tatis?
507 555 545 592 Si
567 555 715 592 illorum
740 555 891 592 nunciis
920 553 1133 591 confirmari
1166 567 1241 590 non
1261 553 1435 604 potestis,

293 621 319 638 “
339 615 441 653 omni
457 615 563 652 aditu
579 622 794 666 praesepto,
815 615 858 651 iis
874 614 1021 651 utimini
1037 614 1211 660 testibus,
1231 614 1436 665 appropin-

291 681 317 699 “
338 689 455 727 quare
475 689 606 714 eorum
626 676 858 719 adventum;
886 677 996 725 cujus
1015 675 1067 713 rei
1088 676 1224 713 timore
1244 674 1433 722 exterriti,

291 742 318 761 ‘⁶
337 737 437 774 diem
458 745 688 788 noctemque
721 737 759 773 in
779 750 895 787 opere
928 744 1137 774 versantur.
1207 737 1310 779 Quid
1340 750 1433 787 ergo

290 803 316 822 ‘⁶
336 798 410 835 mei
431 798 576 835 consilii
597 806 655 835 est
674 798 687 835 ἒ
736 798 893 844 Facere,
913 798 1016 848 quod
1035 797 1153 834 nostri
1173 799 1336 847 majores
1366 810 1434 834 ne-

291 865 316 883 “
337 872 524 911 quaquam
558 859 640 910 pari
658 859 760 896 bello
781 858 1022 896 Cimbrorum
1053 858 1351 908 Teutonumque
1380 858 1437 894 fe-

291 926 317 944 “
340 929 501 964 cerunt;
541 920 620 970 qui,
647 920 686 956 in
713 920 853 971 oppida
873 919 1071 970 compulsi,
1104 932 1149 956 ac
1169 919 1279 956 simili
1310 918 1438 970 inopia

290 988 317 1007 ‘⁶
336 982 499 1027 subacti,
534 994 665 1018 eorum
699 980 937 1031 corporibus,
966 981 1030 1031 qui
1060 986 1188 1018 aetate
1216 981 1369 1018 inutiles
1388 980 1437 1018 ad

289 1043 478 1081 “bellum
506 1042 748 1087 videbantur,
778 1041 894 1079 vitam
926 1042 1200 1086 toleraverunt,
1238 1054 1363 1092 neque
1393 1055 1434 1080 se

288 1110 315 1129 “
334 1104 508 1141 hostibus
533 1103 787 1140 tradiderunt.
843 1103 962 1152 Cujus
990 1103 1044 1139 rei
1064 1103 1094 1139 si
1115 1102 1336 1152 exemplum
1356 1116 1434 1140 non

288 1171 314 1188 ‘⁶
334 1165 574 1209 haberemus,
602 1171 727 1201 tamen
748 1163 934 1200 libertatis
954 1176 1088 1200 caussa
1107 1163 1264 1208 institui,
1286 1170 1325 1200 et
1343 1176 1431 1214 pos-

289 1232 315 1249 “
335 1226 426 1263 teris
452 1226 576 1276 prodi,
611 1225 909 1275 pulcherrimum
937 1224 1165 1274 judicarem.
1212 1224 1311 1261 Nam
1342 1224 1435 1275 quid

289 1288 387 1323 “illi
410 1287 532 1324 simile
556 1287 658 1324 bello
684 1286 782 1323 fuit?
825 1285 1074 1335 Depopulata
1100 1285 1241 1331 Gallia,
1275 1285 1435 1330 Cimbri,

289 1353 315 1371 “
335 1360 547 1398 magnaque
580 1347 685 1384 illata
704 1347 934 1392 calamitate,
967 1346 1105 1384 finibus
1125 1346 1277 1397 quidem
1297 1346 1436 1384 nostris

288 1414 314 1432 ‘⁶
334 1409 539 1459 aliquando
555 1415 818 1453 excesserunt,
839 1415 954 1458 atque
969 1407 1061 1444 alias
1077 1415 1196 1445 terras
1215 1407 1434 1457 petierunt;

287 1475 315 1494 ⁴‘
331 1472 431 1520 jura,
469 1471 589 1520 leges,
619 1483 745 1520 agros,
785 1470 1000 1506 libertatem
1034 1469 1142 1506 nobis
1172 1469 1434 1519 reliquerunt:

287 1537 314 1555 “
335 1531 498 1569 Romani
519 1545 609 1569 vero
630 1531 721 1582 quid
734 1538 873 1581 petunt
887 1531 1003 1576 aliud,
1023 1539 1089 1568 aut
1104 1531 1195 1581 quid
1211 1532 1358 1577 volunt,
1378 1532 1435 1568 ni-

288 1599 314 1617 “
334 1593 365 1631 si
384 1594 526 1630 invidia
544 1593 715 1639 adducti,
749 1605 844 1643 quos
876 1592 977 1630 fama
1002 1593 1149 1630 nobiles
1179 1600 1434 1644 potentesque

288 1660 315 1678 ‘⁶
333 1655 436 1692 bello
469 1661 748 1704 cognoverunt,
778 1655 913 1691 horum
940 1654 977 1690 in
1008 1653 1108 1704 agris
1137 1654 1433 1705 civitatibusque

287 1721 313 1739 “
335 1716 548 1762 considere,
580 1724 695 1766 atque
727 1716 784 1753 his
817 1722 1012 1753 aeternam
1044 1715 1246 1765 injungere
1273 1717 1435 1754 servitu-

288 1781 314 1800 “
335 1783 412 1814 tem
429 1778 442 1815 ?
464 1789 589 1827 neque
604 1777 705 1814 enim
726 1790 892 1827 unquam
912 1776 985 1813 alia
999 1776 1222 1813 conditione
1235 1777 1336 1814 bella
1350 1791 1436 1828 ges-

288 1843 315 1861 “
334 1845 481 1875 serunt.
536 1839 651 1880 Quod
670 1838 700 1875 si
720 1851 779 1884 ea,
802 1851 899 1889 quae
920 1838 958 1874 in
978 1837 1196 1888 longinquis
1216 1838 1436 1876 nationibus

288 1903 314 1921 “
334 1906 534 1948 geruntur,
571 1899 773 1948 ignoratis;
810 1898 988 1948 respicite
1020 1898 1220 1935 finitimam
1253 1897 1434 1944 Galliam,

289 1966 314 1983 ‘⁵
335 1973 447 2010 quae,
479 1960 517 1997 in
543 1959 778 2011 provinciam
800 1959 967 2004 redacta,
988 1962 1075 2009 jure
1095 1965 1134 1995 et
1160 1957 1309 2008 legibus
1330 1972 1434 1997 eom-

288 2026 313 2043 “
333 2021 502 2066 mutatis,
531 2020 729 2059 securibus
749 2021 936 2071 subjecta,
955 2027 1143 2070 perpetua
1157 2020 1342 2070 premitur
1354 2033 1433 2058 ser-

289 2087 316 2104 “
337 2082 502 2119 vitute.''

338 2143 563 2181 LXXVIII,
620 2144 828 2181 Sententiis
848 2143 973 2189 dictis,
994 2142 1247 2187 constituunt,
1281 2150 1336 2189 ut,
1366 2144 1432 2193 qui

287 2203 506 2241 valetudine
522 2213 588 2242 aut
606 2212 733 2242 aetate
749 2205 902 2242 inutiles
921 2211 1009 2241 sunt
1027 2204 1142 2248 bello,
1157 2204 1298 2255 oppido
1314 2218 1429 2242 exce-

288 2265 393 2312 dant,
414 2272 528 2317 atque
545 2266 671 2304 onmia
683 2266 787 2317 prius
800 2266 1061 2316 experiantur,
1083 2278 1196 2316 quam
1211 2265 1258 2303 ad
1280 2265 1432 2317 Critog-
