1556 2683
279 219 352 258 174
560 218 635 255 DE
678 217 858 256 BELLO
897 217 1142 256 GALLlCO

275 320 404 358 bilitas
423 320 580 359 interiit.
608 321 802 372 principes
821 322 1000 367 civitatis,
1032 319 1264 371 Eporedirix
1279 327 1319 358 et
1338 320 1426 358 Vir-

277 382 471 429 dumarus,
492 383 699 420 insimulati
719 383 961 433 proditionis,
993 383 1040 420 ab
1066 381 1263 427 Romanis,
1284 382 1430 420 indicta

274 456 421 488 caussa,
454 444 648 481 interfecti
667 451 770 481 sunt.
824 443 937 481 Haec
955 444 1002 480 ab
1023 443 1068 480 iis
1090 444 1328 493 cognoscite,
1360 444 1425 494 qui

274 519 324 542 ex
344 506 425 555 ipsa
446 506 566 543 caede
585 505 780 555 fugerunt.
795 517 881 541 nam
900 517 987 554 ego,
1006 504 1189 542 fratribus
1209 512 1325 555 atque
1345 518 1428 542 om-

274 566 387 603 nibns
418 567 513 603 meis
533 567 758 618 propinquis
778 566 1007 611 interfectis,
1041 565 1173 603 dolore
1205 565 1428 615 prohibeor,

276 641 374 677 quae
394 636 502 678 gesta
521 636 623 674 sunt,
643 628 912 679 pronunciare,
967 627 1241 664 Producuntur
1262 626 1300 673 ii,
1334 640 1429 678 quos

275 689 339 726 ille
360 690 583 735 edocuerat,
616 702 713 740 quae
733 688 810 726 dici
834 688 973 731 vellet3
1011 696 1127 738 atque
1148 688 1298 734 eadem,
1329 700 1427 738 quae

278 750 475 788 Litavicus
494 750 830 801 pronunciaverat,
845 749 1081 786 multitudini
1099 756 1298 799 exponunt
1315 763 1324 786 :
1346 762 1428 786 om-

275 825 343 848 nes
363 812 511 863 equites
530 812 755 849 Aeduorum
772 811 1012 857 interfectos,
1026 811 1129 861 quod
1145 810 1325 848 collocuti
1342 823 1431 848 cum

278 873 463 910 Arvernis
477 873 699 910 dicerentur
714 888 722 916 ;
742 872 844 923 ipsos
863 885 903 909 se
919 872 1018 910 inter
1031 872 1317 909 multitudinem
1330 872 1428 909 mili-

275 941 357 971 tum
395 934 625 979 occultasse,
662 941 778 984 atque
815 946 865 970 ex
894 933 1022 970 media
1052 934 1171 971 caede
1206 932 1434 984 profugisse.

276 995 533 1033 Conclamant
565 995 707 1040 Aedui,
741 1002 781 1032 et
802 994 1033 1040 Litavicum,
1067 1001 1108 1031 ut
1138 993 1209 1031 sibi
1244 995 1434 1041 consulat,

277 1056 496 1094 obsecrant.
537 1057 655 1098 Quasi
671 1069 776 1102 vero,
798 1056 922 1106 inquit
942 1056 1020 1102 ille,
1041 1055 1190 1094 consilii
1210 1055 1257 1092 sit
1278 1067 1352 1101 res,
1387 1067 1434 1093 ac

277 1131 355 1155 non
372 1131 531 1156 necesse
547 1118 594 1155 sit
616 1118 725 1155 nobis
746 1117 980 1167 Gergoviam
1000 1116 1253 1162 contendere,
1283 1123 1323 1153 ct
1343 1128 1432 1153 cum

277 1179 464 1216 Arvernis
495 1187 647 1217 nosmet
667 1181 919 1229 conjungere.
974 1179 1038 1215 An
1058 1178 1290 1223 dubitamus,
1327 1177 1434 1227 quin,

276 1240 423 1277 nefario
443 1240 614 1278 facinore
635 1239 814 1285 admisso,
847 1239 1011 1277 Romani
1027 1241 1106 1289 jam
1127 1239 1175 1276 ad
1196 1252 1264 1277 nos
1286 1239 1431 1276 interfi-

276 1301 434 1339 ciendos
468 1302 728 1339 concurrant?
777 1300 961 1347 Proinde,
991 1301 1022 1337 si
1044 1300 1136 1351 quid
1169 1300 1285 1338 estin
1322 1299 1433 1337 nobis

277 1362 408 1408 animi,
429 1375 703 1413 persequamur
724 1375 857 1400 eorum
878 1368 1056 1408 mortem,
1086 1361 1151 1412 qui
1170 1361 1433 1411 indignissime

277 1423 529 1467 interierunt;
568 1431 686 1475 atque
718 1424 787 1461 lios
822 1423 991 1460 latrones
1023 1422 1308 1460 interficiamus.
1363 1422 1436 1460 Os—

278 1484 404 1523 tendit
426 1485 529 1522 cives
551 1485 760 1531 Romanos,
795 1484 858 1535 qui
886 1486 969 1534 ejus
987 1483 1167 1535 praesidii
1200 1483 1342 1521 fiducia
1362 1496 1437 1521 una

278 1553 400 1583 erant.
457 1546 653 1584 Continuo
678 1559 859 1596 magnum
892 1558 1095 1583 numerum
1123 1545 1309 1582 frumenti
1331 1558 1436 1583 com-

277 1614 504 1658 meatusque
524 1607 669 1658 diripit,
701 1608 803 1658 ipsos
823 1607 1032 1645 crudeliter
1051 1606 1297 1644 excruciatos
1316 1606 1436 1643 inter-

281 1667 386 1704 ficit:
421 1668 583 1705 nuncios
603 1675 685 1706 tota
713 1668 868 1705 civitate
900 1667 1125 1704 Aeduorum
1156 1666 1338 1704 dimittit:
1368 1679 1434 1704 eo—

278 1728 367 1765 dem
389 1730 590 1766 mendacio
610 1729 659 1766 de
680 1728 798 1766 caede
819 1728 1006 1779 equitum,
1033 1736 1071 1765 et
1092 1728 1323 1778 principum,
1343 1740 1430 1778 per--

280 1798 431 1828 movet:
455 1791 644 1836 hortatur,
665 1798 707 1827 ut
726 1789 838 1827 simili
859 1789 1021 1836 ratione,
1048 1797 1165 1840 atque
1184 1790 1265 1840 ipse
1283 1788 1435 1836 fecerit,

281 1864 368 1888 suas
388 1851 544 1901 injurias
564 1859 857 1902 persequantur.

331 1912 519 1949 XXXIX.
574 1913 806 1964 Eporedirix
836 1913 1012 1958 Aeduus,
1046 1925 1195 1951 summo
1214 1913 1301 1951 loco
1321 1920 1434 1951 natus

282 1974 519 2020 adolescens,
540 1981 580 2010 et
599 1987 769 2011 summae
786 1974 888 2012 domi
909 1974 1121 2025 potentiae,
1142 1982 1182 2011 et
1196 1987 1272 2012 una
1292 1974 1435 2012 Virdu-

280 2049 420 2081 marus,
442 2036 522 2086 pari
541 2044 668 2074 aetate
688 2045 725 2074 et
739 2037 875 2086 gratia,
896 2036 964 2074 sed
978 2048 1120 2086 genere
1139 2036 1295 2087 dispari,
1317 2049 1431 2086 quem

281 2097 438 2143 Caesar,
459 2098 529 2134 sibi
551 2098 598 2135 ab
618 2098 813 2135 Divitiaco
834 2098 1030 2143 traditum,
1057 2110 1107 2135 ex
1124 2098 1258 2134 humili
1279 2098 1365 2135 loco
1385 2098 1435 2135 ad

277 2172 467 2195 summam
495 2159 721 2209 dignitatem
743 2159 990 2209 perduxerat,
1019 2159 1057 2196 in
1079 2160 1249 2210 equitum
1272 2171 1434 2196 numero

280 2228 558 2266 convenerant,
587 2220 812 2258 nominatim
834 2221 880 2257 ab
901 2234 947 2258 eo
968 2221 1130 2258 evocati.
1186 2219 1259 2256 His
1280 2228 1362 2257 erat
1379 2220 1437 2256 in-

279 2288 338 2321 ter
356 2293 397 2319 se
417 2281 464 2318 de
497 2282 716 2333 principatu
744 2282 967 2321 contentio:
994 2288 1049 2329 et,
1079 2282 1118 2319 in
1136 2281 1201 2320 illa
1230 2281 1431 2332 magistra-
