1556 2683
280 203 328 241 72
584 198 657 236 DE
699 198 877 235 BELLO
918 197 1162 235 GALLICO

279 304 341 349 tis,
356 303 507 352 longius-
527 302 832 352 impeditioribus
847 301 940 339 locis
958 301 1095 346 secuti,
1114 313 1257 350 paucos
1276 314 1326 338 ex
1344 302 1420 339 suis

280 363 593 413 deperdiderunt.

329 424 475 460 XXIX.
523 423 694 473 Reliquis
710 424 892 472 deinceps
905 422 1038 459 diebus
1056 422 1196 459 Caesar
1211 422 1321 459 silvas
1335 435 1421 459 cae-

277 485 369 521 dere
384 484 565 526 instituit;
585 493 636 529 et,
652 497 700 520 ne
717 484 801 533 quis
817 483 1024 520 inermibus
1040 483 1422 532 imprudentibusque

279 545 460 582 militibus
480 545 527 581 ab
560 545 679 582 latere
707 545 869 594 impetus
889 544 970 581 fieri
990 551 1133 594 posset,
1166 557 1318 580 omnem
1339 556 1423 580 eam

279 605 489 649 materiam,
507 618 604 655 quae
625 613 707 642 erat
722 618 846 649 caesa,
867 618 1090 641 conversam
1106 605 1155 641 ad
1173 605 1324 640 hostem
1345 605 1423 641 col-

278 666 443 710 locabat,
474 673 512 702 et
542 679 610 715 pro
629 666 728 702 vallo
748 666 795 702 ad
824 673 1027 715 utrumque
1060 665 1158 701 latus
1178 665 1423 701 exstruebat.

278 725 500 762 Incredibili
520 726 717 762 celeritate
737 739 876 776 magno
896 725 1018 775 spatio
1031 725 1162 775 paucis
1178 724 1312 761 diebus
1333 738 1424 762 con-

279 786 397 831 fecto,
431 799 548 835 quum
573 788 651 836 jam
682 799 799 836 pecus
824 794 938 836 atque
960 794 1134 823 extrema
1154 786 1425 836 impedimenta

278 842 326 885 ab
346 847 484 884 nostris
515 855 752 892 tenerentur,
786 847 855 897 ipsi
875 847 1071 884 densiores
1096 846 1206 883 silvas
1225 854 1426 896 peterent;

280 907 469 957 ejusmodi
501 915 589 944 sunt
609 915 856 958 tempestates
888 916 1133 951 consecutae,
1168 908 1222 944 uti
1243 921 1338 957 opus
1357 921 1423 944 ne-

280 968 446 1005 cessario
480 968 813 1013 intermitteretur,
854 976 893 1005 et
926 969 1214 1005 continuatione
1247 968 1424 1006 imbrium

279 1028 421 1066 diutius
434 1029 502 1066 sub
519 1029 681 1078 pellibus
696 1028 834 1066 milites
848 1028 1035 1066 contineri
1049 1042 1124 1065 non
1140 1037 1308 1079 possent.
1347 1029 1425 1066 Ita-

280 1103 368 1140 que,
396 1090 551 1127 vastatis
571 1090 746 1127 omnibus
765 1103 898 1127 eorum
918 1090 1032 1139 agris,
1053 1090 1144 1127 vicis
1164 1090 1424 1140 aedificiisque

279 1150 456 1195 incensis,
489 1151 630 1188 Caesar
662 1151 876 1188 exercitum
906 1151 1074 1196 reduxit,
1107 1158 1146 1188 et
1166 1151 1204 1187 in
1235 1152 1427 1197 Aulercis,

279 1212 553 1262 Lexoviisque,
583 1212 738 1262 reliquis
758 1212 849 1249 item
870 1212 1101 1257 civitatibus,
1133 1225 1230 1263 quae
1249 1213 1424 1263 proxime

279 1273 421 1311 bellum
440 1272 626 1319 fecerant,
646 1273 684 1310 in
703 1273 874 1310 hibernis
893 1272 1108 1311 collocavit.

707 1518 872 1555 LIBER
927 1518 997 1556 IV.

331 1643 363 1680 Ι.
417 1642 505 1687 EA,
526 1654 623 1691 quae
643 1648 774 1678 secuta
793 1650 863 1687 est,
883 1641 1024 1687 hieme,
1045 1641 1107 1691 qui
1128 1641 1198 1678 fuit
1212 1654 1333 1680 annus
1354 1645 1427 1682 Cn.

280 1704 481 1754 Pompeio,
504 1703 560 1739 M.
577 1704 714 1740 Crasso
731 1715 825 1739 coss.
858 1702 1038 1752 Usipetes
1058 1702 1257 1749 Germani,
1277 1712 1316 1741 et
1335 1705 1426 1742 item

281 1763 533 1808 Tenchtheri,
548 1776 687 1812 magna
699 1776 784 1800 cum
801 1762 1045 1799 multitudine
1058 1762 1269 1807 hominum,
1285 1763 1428 1800 flumen

281 1825 462 1862 Rhenum
482 1824 730 1868 transierunt,
761 1837 837 1860 non
858 1824 972 1872 longe
990 1835 1011 1859 a
1031 1823 1139 1867 mari,
1168 1836 1244 1872 quo
1267 1824 1425 1861 Rhenus

280 1886 418 1923 influit.
460 1887 605 1924 Caussa
620 1886 841 1923 transeundi
860 1884 946 1929 fuit,
966 1884 1083 1934 quod,
1103 1885 1150 1921 ab
1169 1884 1302 1921 Suevis
1322 1898 1426 1922 com-

280 1947 409 1997 plures
429 1960 548 1984 annos
564 1946 765 1996 exagitati,
784 1946 885 1983 bello
902 1946 1187 1996 premebantur,
1208 1952 1246 1981 et
1262 1945 1427 1994 agricul-

280 2017 367 2046 tura
384 2008 696 2059 prohibebantur.
752 2008 964 2044 Suevorum
984 2019 1078 2056 gens
1097 2013 1154 2042 est
1174 2006 1288 2055 longe
1309 2007 1429 2043 maxi-

279 2083 342 2107 ma
370 2078 410 2106 et
428 2070 717 2107 bellicosissima
730 2068 1012 2105 Germanorum
1029 2067 1210 2105 omnium.
1266 2067 1320 2103 Hi
1336 2080 1426 2104 cen-

280 2138 360 2167 tuni
381 2144 499 2180 pagos
519 2131 661 2167 habere
681 2130 883 2166 dicuntur:
904 2142 952 2165 ex
973 2129 1109 2178 quibus
1130 2128 1333 2177 quotannis
1353 2128 1428 2164 sin-

279 2191 370 2240 gula
388 2191 505 2228 millia
524 2199 756 2228 armatorum
776 2190 943 2227 bellandi
964 2203 1098 2227 caussa
1117 2202 1165 2226 ex
1182 2189 1320 2226 finibus
1334 2189 1428 2225 edu-

279 2260 384 2291 cunt.
403 2252 553 2303 reliqui,
570 2252 633 2303 qui
654 2251 757 2289 domi
776 2251 1001 2295 manserint,
1019 2265 1059 2288 se
1075 2259 1189 2301 atque
1206 2250 1288 2287 illos
1308 2251 1428 2288 alunt.
