1556 2683
504 221 670 270 LIBER
726 231 813 270 vn.
1171 232 1238 269 161

100 337 194 375 (aria
226 336 354 382 Boios,
391 343 508 387 atque
540 336 711 382 Aeduos,
741 334 935 372 adhortari
965 347 1040 371 non
1072 332 1241 371 destitit:

97 412 258 448 quorum
289 397 412 442 alteri,
433 397 536 448 quod
564 397 668 434 nullo
697 397 824 434 studio
843 396 1022 446 agebant,
1051 409 1128 432 non
1149 395 1245 432 mul·

97 466 175 496 tum
192 460 449 509 adjuvabant;
468 459 591 504 alteri,
611 472 686 496 non
704 459 850 508 magnis
865 458 1123 502 facultatibus,
1144 457 1248 507 quod

96 520 230 558 civitas
246 529 328 558 erat
348 521 489 571 exigua
509 529 547 558 et
568 520 729 566 infirma,
759 519 951 565 celeriter,
980 518 1082 569 quod
1104 518 1247 555 habuc-

97 589 199 627 runt,
219 590 524 619 consumserunt.
580 584 738 619 Summa
757 581 983 619 difficultate
1003 580 1247 617 rei'frumen—

96 645 215 682 tariae
232 644 369 682 affecto
389 644 580 689 exercitu,
600 644 789 681 tenuitate
810 643 1007 689 Boiorum,
1044 642 1247 692 indiligen-

95 706 147 744 tia
182 706 420 751 Aeduorum,
459 705 647 742 incendiis
666 704 942 750 aedificiorum,
970 715 1090 754 usque
1110 715 1171 748 eo,
1206 710 1248 739 ut

96 767 312 817 complures
342 766 422 803 dies
442 766 582 803 milites
602 765 794 803 frumento
814 765 1020 809 caruerint,
1049 770 1103 807 et,
1131 774 1247 813 peco-

96 841 137 867 re
166 841 187 865 e
219 827 549 878 longinquioribus
570 826 662 864 vicis
680 827 833 872 adacto,
863 833 1076 864 extremam
1108 823 1247 861 famem

95 897 381 932 sustentarent3
409 888 515 926 nulla
533 896 662 925 tamen
693 900 768 926 vox
789 895 848 925 est
867 889 914 925 ab
944 887 987 925 iis
1007 886 1151 931 audita,
1179 898 1249 936 po-

97 951 173 1002 puli
197 951 358 988 Romani
378 951 579 999 majestate
599 957 639 986 et
657 949 917 1000 superioribus
932 948 1103 986 victoriis
1123 946 1249 996 indig-

96 1026 156 1050 na.
199 1012 300 1054 Quin
321 1012 438 1049 etiam
460 1012 601 1049 Caesar
617 1024 733 1061 quum
751 1011 788 1047 in
809 1023 926 1061 opere
942 1009 1111 1059 singulas
1129 1008 1250 1058 legio-

95 1087 162 1112 nes
181 1073 406 1123 appellaret,
427 1080 480 1118 et,
509 1072 539 1109 si
559 1071 736 1109 acerbius
756 1071 922 1122 inopiam
943 1071 1103 1115 ferrent,
1131 1082 1172 1107 se
1193 1068 1250 1105 di-

95 1135 298 1173 missurum
319 1134 645 1185 oppugnationem
665 1133 836 1176 diceret;
866 1132 1032 1170 universi
1053 1132 1100 1169 ab
1121 1144 1182 1177 eo,
1201 1143 1250 1167 ne

98 1197 135 1234 id
154 1196 314 1241 faceret,
335 1196 541 1246 petebant:
569 1195 624 1233 sic
644 1189 685 1232 Se
705 1195 922 1245 complures
943 1206 1077 1239 annos,
1097 1192 1162 1230 illo
1181 1193 1251 1229 im-

95 1265 269 1310 perante,
289 1256 488 1302 meruisse,
518 1264 560 1293 ut
579 1256 723 1293 nullam
743 1255 991 1306 ignominiam
1011 1254 1250 1306 acciperent,

95 1332 290 1370 nunquam
312 1318 457 1356 infecta
485 1331 526 1356 re
560 1317 830 1355 discederent:
860 1317 934 1355 hoc
954 1329 994 1354 se
1016 1315 1250 1366 ignominiae

96 1380 354 1426 laturosloco,
369 1380 400 1416 si
420 1379 614 1430 inceptam
635 1378 965 1429 oppugnationem
985 1376 1250 1427 reliquissent:

97 1450 291 1493 praestare
312 1454 444 1478 omnes
464 1440 636 1492 perferre
656 1440 902 1485 acerbitates,
928 1451 1042 1490 quam
1063 1451 1140 1475 non
1160 1438 1251 1475 civi·

96 1504 167 1541 bus
190 1503 387 1548 Romanis,
415 1502 480 1554 qui
501 1501 653 1538 Genabi
686 1501 848 1551 pertidia
867 1501 1068 1538 Gallorum
1099 1500 1250 1538 interis-

101 1572 199 1610 sent,
229 1570 491 1614 parentarent.
532 1563 643 1600 Haec
664 1562 797 1600 eadem
819 1561 1109 1600 centurionibus
1128 1561 1250 1598 tribu-

100 1625 236 1676 nisque
267 1624 429 1662 militum
451 1624 698 1670 mandabant,
729 1630 770 1660 ut
790 1635 858 1673 per
878 1635 943 1660 eos
962 1622 1010 1660 ad
1045 1623 1251 1661 Caesarem

97 1686 352 1725 deferrentur.

148 1748 298 1785 XVIII.
344 1749 472 1790 Quum
489 1750 570 1798 jam>
590 1761 698 1786 muro
719 1755 842 1786 turres
862 1749 1250 1800 appropinquassent,

99 1824 147 1848 ex
168 1810 329 1861 captivis
359 1810 501 1847 Caesar
529 1810 724 1860 cognovit,
753 1810 1128 1861 Vercingetorigem,
1159 1821 1256 1847 cona

97 1880 222 1910 sumto
241 1871 397 1922 pabulo,
432 1880 556 1908 castra
576 1871 738 1908 movisse
758 1871 915 1922 propius
937 1871 1161 1916 Avaricum,
1194 1879 1251 1909 at-

98 1947 172 1985 que
192 1934 315 1984 ipsum
338 1946 425 1970 cum
442 1933 636 1983 equitatu,
648 1932 930 1983 expeditisque,
951 1933 1014 1983 qui
1031 1933 1132 1970 inter
1146 1933 1255 1984 equi-

99 2004 156 2033 tes
175 1994 354 2046 proeliari
368 1995 632 2040 consuessent,
653 1993 878 2031 insidiarum
891 2007 1025 2031 caussa
1039 2007 1085 2031 co
1099 1994 1251 2045 profec-

98 2064 194 2102 tum,
224 2069 300 2106 quo
320 2063 471 2093 nostros
491 2063 646 2106 postero
665 2056 727 2093 die
747 2055 972 2106 pabulatum
995 2063 1173 2093 venturos
1192 2069 1251 2093 ar·

100 2119 318 2156 bitrarctur.
357 2118 505 2160 Quibus
526 2112 640 2155 rebus
661 2117 840 2167 cognitis,
861 2116 987 2154 media
1007 2124 1123 2154 nocte
1138 2117 1252 2154 silen-

100 2176 154 2213 tio
174 2176 386 2227 profectus,
407 2178 456 2214 ad
470 2178 638 2215 hostium
660 2185 786 2215 castra
803 2190 915 2215 manc
934 2177 1121 2227 pervenit.
1176 2177 1251 2223 Illi,

100 2238 278 2276 celeriter
306 2252 375 2289 per
394 2239 660 2290 exploratores
687 2239 856 2277 adventu
878 2239 1051 2276 Caesaris
1081 2238 1253 2288 cognito,

100 2311 228 2337 carros
248 2301 599 2352 impedimentaque
620 2313 688 2338 sua
708 2300 745 2336 in
765 2299 949 2338 arctiores
970 2299 1080 2337 silvas
1095 2298 1258 2336 abdide-s·

178 2362 211 2399 T
214 2374 287 2400 OM.
308 2363 338 2400 Ι.
703 2363 737 2400 X
