<?xml version="1.0" encoding="UTF-8"?>
<!DOCTYPE html PUBLIC "-//W3C//DTD XHTML 1.0 Transitional//EN"
    "http://www.w3.org/TR/xhtml1/DTD/xhtml1-transitional.dtd">
<html xmlns="http://www.w3.org/1999/xhtml" xml:lang="en" lang="en">
 <head>
  <title>
</title>
<meta http-equiv="Content-Type" content="text/html;charset=utf-8" />
  <meta name='ocr-system' content='tesseract 3.04.00' />
  <meta name='ocr-capabilities' content='ocr_page ocr_carea ocr_par ocr_line ocrx_word'/>
</head>
<body>
  <div class='ocr_page' id='page_1' title='image "./debellogallicoet01caesuoft_0137.png"; bbox 0 0 1556 2683; ppageno 0'>
   <div class='ocr_carea' id='block_1_1' title="bbox 530 260 1237 304">
    <p class='ocr_par' dir='ltr' id='par_1_1' title="bbox 530 260 1237 304">
     <span class='ocr_line' id='line_1_1' title="bbox 530 260 1237 304; baseline -0.001 0"><span class='ocrx_word' id='word_1_1' title='bbox 530 264 696 304; x_wconf 81' lang='lat' dir='ltr'>LIBER</span> <span class='ocrx_word' id='word_1_2' title='bbox 749 260 797 303; x_wconf 86' lang='lat' dir='ltr'>V.</span> <span class='ocrx_word' id='word_1_3' title='bbox 1167 268 1237 303; x_wconf 79' lang='grc'>113</span> 
     </span>
    </p>
   </div>
   <div class='ocr_carea' id='block_1_2' title="bbox 76 367 1242 1580">
    <p class='ocr_par' dir='ltr' id='par_1_2' title="bbox 76 367 1242 1206">
     <span class='ocr_line' id='line_1_2' title="bbox 86 367 1237 420; baseline -0.001 -14"><span class='ocrx_word' id='word_1_4' title='bbox 86 367 145 415; x_wconf 90' lang='lat' dir='ltr'>iis,</span> <span class='ocrx_word' id='word_1_5' title='bbox 166 369 230 420; x_wconf 86' lang='lat' dir='ltr'>qui</span> <span class='ocrx_word' id='word_1_6' title='bbox 247 375 455 415; x_wconf 71' lang='lat' dir='ltr'>cesserant,</span> <span class='ocrx_word' id='word_1_7' title='bbox 475 376 514 406; x_wconf 89' lang='lat' dir='ltr'>et</span> <span class='ocrx_word' id='word_1_8' title='bbox 533 370 580 406; x_wconf 83' lang='lat' dir='ltr'>ab</span> <span class='ocrx_word' id='word_1_9' title='bbox 596 369 655 416; x_wconf 86' lang='lat' dir='ltr'>iis,</span> <span class='ocrx_word' id='word_1_10' title='bbox 675 369 739 419; x_wconf 89' lang='lat' dir='ltr'>qui</span> <span class='ocrx_word' id='word_1_11' title='bbox 758 368 923 420; x_wconf 81' lang='lat' dir='ltr'><strong>proximi</strong></span> <span class='ocrx_word' id='word_1_12' title='bbox 943 374 1143 414; x_wconf 87' lang='lat' dir='ltr'>steterant,</span> <span class='ocrx_word' id='word_1_13' title='bbox 1163 368 1237 405; x_wconf 90' lang='lat' dir='ltr'>cir-</span> 
     </span>
     <span class='ocr_line' id='line_1_3' title="bbox 76 429 1237 473; baseline -0.002 -6"><span class='ocrx_word' id='word_1_14' title='bbox 76 430 450 467; x_wconf 76' lang='lat' dir='ltr'>cumveniebantur:</span> <span class='ocrx_word' id='word_1_15' title='bbox 471 429 527 466; x_wconf 93' lang='lat' dir='ltr'>sin</span> <span class='ocrx_word' id='word_1_16' title='bbox 544 437 673 466; x_wconf 87' lang='lat' dir='ltr'>autem</span> <span class='ocrx_word' id='word_1_17' title='bbox 687 430 818 467; x_wconf 91' lang='lat' dir='ltr'>locum</span> <span class='ocrx_word' id='word_1_18' title='bbox 835 437 967 467; x_wconf 86' lang='lat' dir='ltr'>tenere</span> <span class='ocrx_word' id='word_1_19' title='bbox 986 429 1143 473; x_wconf 86' lang='lat' dir='ltr'>vellent,</span> <span class='ocrx_word' id='word_1_20' title='bbox 1162 441 1237 466; x_wconf 85' lang='lat' dir='ltr'>nec</span> 
     </span>
     <span class='ocr_line' id='line_1_4' title="bbox 86 489 1238 542; baseline 0 -16"><span class='ocrx_word' id='word_1_21' title='bbox 86 490 219 528; x_wconf 88' lang='lat' dir='ltr'>virtuti</span> <span class='ocrx_word' id='word_1_22' title='bbox 239 491 347 528; x_wconf 85' lang='lat' dir='ltr'>locus</span> <span class='ocrx_word' id='word_1_23' title='bbox 367 491 670 542; x_wconf 77' lang='lat' dir='ltr'><strong>relinquebatur,</strong></span> <span class='ocrx_word' id='word_1_24' title='bbox 690 503 816 541; x_wconf 89' lang='lat' dir='ltr'>neque</span> <span class='ocrx_word' id='word_1_25' title='bbox 837 491 883 527; x_wconf 90' lang='lat' dir='ltr'>ab</span> <span class='ocrx_word' id='word_1_26' title='bbox 899 497 1007 528; x_wconf 89' lang='lat' dir='ltr'>tanta</span> <span class='ocrx_word' id='word_1_27' title='bbox 1027 489 1238 527; x_wconf 87' lang='lat' dir='ltr'>multitudi-</span> 
     </span>
     <span class='ocr_line' id='line_1_5' title="bbox 85 543 1238 602; baseline -0.001 -14"><span class='ocrx_word' id='word_1_28' title='bbox 85 563 135 588; x_wconf 87' lang='lat' dir='ltr'>ne</span> <span class='ocrx_word' id='word_1_29' title='bbox 165 553 345 601; x_wconf 83' lang='lat' dir='ltr'>conjecta</span> <span class='ocrx_word' id='word_1_30' title='bbox 375 551 454 589; x_wconf 86' lang='lat' dir='ltr'>tela</span> <span class='ocrx_word' id='word_1_31' title='bbox 486 552 651 590; x_wconf 88' lang='lat' dir='ltr'>conferti</span> <span class='ocrx_word' id='word_1_32' title='bbox 665 543 668 547; x_wconf 53' lang='grc'><strong>’</strong></span> <span class='ocrx_word' id='word_1_33' title='bbox 683 552 803 589; x_wconf 88' lang='lat' dir='ltr'>vitare</span> <span class='ocrx_word' id='word_1_34' title='bbox 828 559 1021 602; x_wconf 84' lang='lat' dir='ltr'>poterant.</span> <span class='ocrx_word' id='word_1_35' title='bbox 1075 550 1238 596; x_wconf 81' lang='lat' dir='ltr'>Tamen,</span> 
     </span>
     <span class='ocr_line' id='line_1_6' title="bbox 87 612 1238 662; baseline -0.001 -12"><span class='ocrx_word' id='word_1_36' title='bbox 87 619 145 650; x_wconf 92' lang='lat' dir='ltr'>tot</span> <span class='ocrx_word' id='word_1_37' title='bbox 165 613 418 650; x_wconf 83' lang='lat' dir='ltr'>incommodis</span> <span class='ocrx_word' id='word_1_38' title='bbox 451 612 678 658; x_wconf 84' lang='lat' dir='ltr'>conflictati,</span> <span class='ocrx_word' id='word_1_39' title='bbox 698 612 829 650; x_wconf 88' lang='lat' dir='ltr'>multis</span> <span class='ocrx_word' id='word_1_40' title='bbox 849 612 1070 650; x_wconf 88' lang='lat' dir='ltr'>vulneribus</span> <span class='ocrx_word' id='word_1_41' title='bbox 1099 624 1238 662; x_wconf 87' lang='lat' dir='ltr'>accep-</span> 
     </span>
     <span class='ocr_line' id='line_1_7' title="bbox 87 673 1239 724; baseline -0.002 -13"><span class='ocrx_word' id='word_1_42' title='bbox 87 673 150 719; x_wconf 89' lang='lat' dir='ltr'>tis,</span> <span class='ocrx_word' id='word_1_43' title='bbox 171 673 418 717; x_wconf 82' lang='lat' dir='ltr'>resistebant;</span> <span class='ocrx_word' id='word_1_44' title='bbox 437 682 491 719; x_wconf 92' lang='lat' dir='ltr'>et,</span> <span class='ocrx_word' id='word_1_45' title='bbox 511 686 650 722; x_wconf 81' lang='lat' dir='ltr'>magna</span> <span class='ocrx_word' id='word_1_46' title='bbox 668 680 776 724; x_wconf 85' lang='lat' dir='ltr'>parte</span> <span class='ocrx_word' id='word_1_47' title='bbox 792 673 868 710; x_wconf 90' lang='lat' dir='ltr'>diei</span> <span class='ocrx_word' id='word_1_48' title='bbox 884 680 1100 718; x_wconf 87' lang='lat' dir='ltr'>consumta,</span> <span class='ocrx_word' id='word_1_49' title='bbox 1121 686 1239 723; x_wconf 87' lang='lat' dir='ltr'>quum</span> 
     </span>
     <span class='ocr_line' id='line_1_8' title="bbox 85 734 1238 786; baseline -0.002 -13"><span class='ocrx_word' id='word_1_50' title='bbox 85 747 109 773; x_wconf 88' lang='lat' dir='ltr'>a</span> <span class='ocrx_word' id='word_1_51' title='bbox 122 735 245 786; x_wconf 87' lang='lat' dir='ltr'>prima</span> <span class='ocrx_word' id='word_1_52' title='bbox 263 734 350 772; x_wconf 88' lang='lat' dir='ltr'>luce</span> <span class='ocrx_word' id='word_1_53' title='bbox 366 735 414 772; x_wconf 87' lang='lat' dir='ltr'>ad</span> <span class='ocrx_word' id='word_1_54' title='bbox 431 735 564 772; x_wconf 86' lang='lat' dir='ltr'>horam</span> <span class='ocrx_word' id='word_1_55' title='bbox 580 745 643 771; x_wconf 87' lang='lat' dir='ltr'>11x</span> <span class='ocrx_word' id='word_1_56' title='bbox 657 738 911 784; x_wconf 77' lang='lat' dir='ltr'>pugnaretur,</span> <span class='ocrx_word' id='word_1_57' title='bbox 932 734 1042 780; x_wconf 89' lang='lat' dir='ltr'>nihil,</span> <span class='ocrx_word' id='word_1_58' title='bbox 1061 734 1166 785; x_wconf 89' lang='lat' dir='ltr'>quod</span> <span class='ocrx_word' id='word_1_59' title='bbox 1181 734 1238 786; x_wconf 90' lang='lat' dir='ltr'>ip-</span> 
     </span>
     <span class='ocr_line' id='line_1_9' title="bbox 85 795 1239 846; baseline 0 -13"><span class='ocrx_word' id='word_1_60' title='bbox 85 795 136 833; x_wconf 78' lang='lat' dir='ltr'>sis</span> <span class='ocrx_word' id='word_1_61' title='bbox 154 802 258 833; x_wconf 88' lang='lat' dir='ltr'>esset</span> <span class='ocrx_word' id='word_1_62' title='bbox 277 795 493 846; x_wconf 85' lang='lat' dir='ltr'>indignum,</span> <span class='ocrx_word' id='word_1_63' title='bbox 522 796 830 833; x_wconf 75' lang='lat' dir='ltr'><strong>committebant.</strong></span> <span class='ocrx_word' id='word_1_64' title='bbox 885 795 986 833; x_wconf 89' lang='lat' dir='ltr'>Tum</span> <span class='ocrx_word' id='word_1_65' title='bbox 1007 796 1052 833; x_wconf 92' lang='lat' dir='ltr'>T.</span> <span class='ocrx_word' id='word_1_66' title='bbox 1072 796 1239 834; x_wconf 85' lang='lat' dir='ltr'>Balven-</span> 
     </span>
     <span class='ocr_line' id='line_1_10' title="bbox 85 856 1241 907; baseline 0.001 -13"><span class='ocrx_word' id='word_1_67' title='bbox 85 857 156 902; x_wconf 89' lang='lat' dir='ltr'>tio,</span> <span class='ocrx_word' id='word_1_68' title='bbox 189 856 254 907; x_wconf 93' lang='lat' dir='ltr'>qui</span> <span class='ocrx_word' id='word_1_69' title='bbox 283 857 480 907; x_wconf 81' lang='lat' dir='ltr'><strong>superiore</strong></span> <span class='ocrx_word' id='word_1_70' title='bbox 500 869 600 894; x_wconf 86' lang='lat' dir='ltr'>anno</span> <span class='ocrx_word' id='word_1_71' title='bbox 628 857 793 907; x_wconf 88' lang='lat' dir='ltr'>primum</span> <span class='ocrx_word' id='word_1_72' title='bbox 814 857 933 907; x_wconf 88' lang='lat' dir='ltr'>pilum</span> <span class='ocrx_word' id='word_1_73' title='bbox 953 857 1133 904; x_wconf 83' lang='lat' dir='ltr'>duxerat,</span> <span class='ocrx_word' id='word_1_74' title='bbox 1159 858 1241 895; x_wconf 86' lang='lat' dir='ltr'>viro</span> 
     </span>
     <span class='ocr_line' id='line_1_11' title="bbox 84 916 1242 970; baseline 0.003 -16"><span class='ocrx_word' id='word_1_75' title='bbox 84 916 191 962; x_wconf 84' lang='lat' dir='ltr'>forti,</span> <span class='ocrx_word' id='word_1_76' title='bbox 210 925 250 954; x_wconf 92' lang='lat' dir='ltr'>et</span> <span class='ocrx_word' id='word_1_77' title='bbox 269 930 432 968; x_wconf 83' lang='lat' dir='ltr'>magnae</span> <span class='ocrx_word' id='word_1_78' title='bbox 447 918 702 963; x_wconf 76' lang='lat' dir='ltr'>auctoritatis,</span> <span class='ocrx_word' id='word_1_79' title='bbox 723 926 930 969; x_wconf 84' lang='lat' dir='ltr'>utrumque</span> <span class='ocrx_word' id='word_1_80' title='bbox 945 918 1070 956; x_wconf 87' lang='lat' dir='ltr'>femur</span> <span class='ocrx_word' id='word_1_81' title='bbox 1089 919 1242 970; x_wconf 83' lang='lat' dir='ltr'>tragula</span> 
     </span>
     <span class='ocr_line' id='line_1_12' title="bbox 86 978 1240 1030; baseline 0.003 -15"><span class='ocrx_word' id='word_1_82' title='bbox 86 978 346 1028; x_wconf 79' lang='lat' dir='ltr'>transjicitur:</span> <span class='ocrx_word' id='word_1_83' title='bbox 376 981 424 1022; x_wconf 84' lang='lat' dir='ltr'>Q.</span> <span class='ocrx_word' id='word_1_84' title='bbox 444 979 640 1017; x_wconf 85' lang='lat' dir='ltr'>Lucanius</span> <span class='ocrx_word' id='word_1_85' title='bbox 660 980 832 1030; x_wconf 82' lang='lat' dir='ltr'>ejusdem</span> <span class='ocrx_word' id='word_1_86' title='bbox 854 980 1013 1026; x_wconf 80' lang='lat' dir='ltr'>ordinis,</span> <span class='ocrx_word' id='word_1_87' title='bbox 1033 980 1240 1019; x_wconf 83' lang='lat' dir='ltr'>fortissime</span> 
     </span>
     <span class='ocr_line' id='line_1_13' title="bbox 86 1040 1239 1090; baseline 0.003 -13"><span class='ocrx_word' id='word_1_88' title='bbox 86 1052 277 1090; x_wconf 86' lang='lat' dir='ltr'>pugnans,</span> <span class='ocrx_word' id='word_1_89' title='bbox 298 1040 388 1077; x_wconf 87' lang='lat' dir='ltr'>dum</span> <span class='ocrx_word' id='word_1_90' title='bbox 402 1040 668 1078; x_wconf 79' lang='lat' dir='ltr'>circumvento</span> <span class='ocrx_word' id='word_1_91' title='bbox 681 1041 759 1078; x_wconf 87' lang='lat' dir='ltr'>filio</span> <span class='ocrx_word' id='word_1_92' title='bbox 772 1041 965 1086; x_wconf 85' lang='lat' dir='ltr'>subvenit,</span> <span class='ocrx_word' id='word_1_93' title='bbox 986 1042 1239 1080; x_wconf 84' lang='lat' dir='ltr'>interficitur:</span> 
     </span>
     <span class='ocr_line' id='line_1_14' title="bbox 84 1100 1242 1153; baseline 0.003 -16"><span class='ocrx_word' id='word_1_94' title='bbox 84 1100 132 1138; x_wconf 88' lang='lat' dir='ltr'>L.</span> <span class='ocrx_word' id='word_1_95' title='bbox 153 1101 273 1139; x_wconf 87' lang='lat' dir='ltr'>Cotta</span> <span class='ocrx_word' id='word_1_96' title='bbox 291 1101 456 1151; x_wconf 84' lang='lat' dir='ltr'>legatus,</span> <span class='ocrx_word' id='word_1_97' title='bbox 485 1114 619 1139; x_wconf 88' lang='lat' dir='ltr'>omnes</span> <span class='ocrx_word' id='word_1_98' title='bbox 639 1102 820 1139; x_wconf 86' lang='lat' dir='ltr'>cohortes</span> <span class='ocrx_word' id='word_1_99' title='bbox 849 1101 1081 1153; x_wconf 87' lang='lat' dir='ltr'>ordinesque</span> <span class='ocrx_word' id='word_1_100' title='bbox 1102 1103 1242 1141; x_wconf 84' lang='lat' dir='ltr'>adhor-</span> 
     </span>
     <span class='ocr_line' id='line_1_15' title="bbox 87 1161 922 1206; baseline 0.002 -8"><span class='ocrx_word' id='word_1_101' title='bbox 87 1168 188 1206; x_wconf 86' lang='lat' dir='ltr'>tans,</span> <span class='ocrx_word' id='word_1_102' title='bbox 207 1161 246 1197; x_wconf 85' lang='lat' dir='ltr'>in</span> <span class='ocrx_word' id='word_1_103' title='bbox 267 1161 471 1198; x_wconf 89' lang='lat' dir='ltr'>adversum</span> <span class='ocrx_word' id='word_1_104' title='bbox 490 1174 532 1199; x_wconf 87' lang='lat' dir='ltr'>os</span> <span class='ocrx_word' id='word_1_105' title='bbox 546 1161 667 1199; x_wconf 87' lang='lat' dir='ltr'>funda</span> <span class='ocrx_word' id='word_1_106' title='bbox 686 1163 922 1200; x_wconf 84' lang='lat' dir='ltr'>vulneratur.</span> 
     </span>
    </p>

    <p class='ocr_par' dir='ltr' id='par_1_3' title="bbox 83 1222 1242 1580">
     <span class='ocr_line' id='line_1_16' title="bbox 135 1222 1236 1277; baseline 0.005 -19"><span class='ocrx_word' id='word_1_107' title='bbox 135 1222 322 1259; x_wconf 87' lang='lat' dir='ltr'>XXXVI.</span> <span class='ocrx_word' id='word_1_108' title='bbox 381 1222 456 1259; x_wconf 89' lang='lat' dir='ltr'>His</span> <span class='ocrx_word' id='word_1_109' title='bbox 476 1223 590 1260; x_wconf 87' lang='lat' dir='ltr'>rebus</span> <span class='ocrx_word' id='word_1_110' title='bbox 609 1232 820 1274; x_wconf 89' lang='lat' dir='ltr'>permotus,</span> <span class='ocrx_word' id='word_1_111' title='bbox 838 1225 886 1266; x_wconf 84' lang='lat' dir='ltr'>Q.</span> <span class='ocrx_word' id='word_1_112' title='bbox 907 1224 1095 1272; x_wconf 82' lang='lat' dir='ltr'>Titurius,</span> <span class='ocrx_word' id='word_1_113' title='bbox 1116 1239 1236 1277; x_wconf 88' lang='lat' dir='ltr'>quum</span> 
     </span>
     <span class='ocr_line' id='line_1_17' title="bbox 84 1283 1241 1337; baseline 0.003 -16"><span class='ocrx_word' id='word_1_114' title='bbox 84 1283 220 1335; x_wconf 88' lang='lat' dir='ltr'>procul</span> <span class='ocrx_word' id='word_1_115' title='bbox 242 1283 526 1334; x_wconf 84' lang='lat' dir='ltr'>Ambiorigem,</span> <span class='ocrx_word' id='word_1_116' title='bbox 546 1296 634 1321; x_wconf 90' lang='lat' dir='ltr'>suos</span> <span class='ocrx_word' id='word_1_117' title='bbox 650 1285 937 1331; x_wconf 83' lang='lat' dir='ltr'>cohortantem,</span> <span class='ocrx_word' id='word_1_118' title='bbox 959 1288 1241 1337; x_wconf 82' lang='lat' dir='ltr'>conspexisset,</span> 
     </span>
     <span class='ocr_line' id='line_1_18' title="bbox 87 1344 1242 1396; baseline 0.004 -15"><span class='ocrx_word' id='word_1_119' title='bbox 87 1345 341 1395; x_wconf 87' lang='lat' dir='ltr'>interpretem</span> <span class='ocrx_word' id='word_1_120' title='bbox 360 1357 470 1382; x_wconf 90' lang='lat' dir='ltr'>suum</span> <span class='ocrx_word' id='word_1_121' title='bbox 495 1345 568 1382; x_wconf 89' lang='lat' dir='ltr'>Cn.</span> <span class='ocrx_word' id='word_1_122' title='bbox 597 1344 826 1396; x_wconf 89' lang='lat' dir='ltr'>Pompeium</span> <span class='ocrx_word' id='word_1_123' title='bbox 845 1345 895 1383; x_wconf 88' lang='lat' dir='ltr'>ad</span> <span class='ocrx_word' id='word_1_124' title='bbox 915 1359 1002 1383; x_wconf 88' lang='lat' dir='ltr'>eum</span> <span class='ocrx_word' id='word_1_125' title='bbox 1022 1347 1154 1391; x_wconf 86' lang='lat' dir='ltr'>mittit,</span> <span class='ocrx_word' id='word_1_126' title='bbox 1180 1361 1242 1386; x_wconf 89' lang='lat' dir='ltr'>ro-</span> 
     </span>
     <span class='ocr_line' id='line_1_19' title="bbox 83 1406 1242 1459; baseline 0.003 -15"><span class='ocrx_word' id='word_1_127' title='bbox 83 1414 230 1457; x_wconf 82' lang='lat' dir='ltr'>gatum,</span> <span class='ocrx_word' id='word_1_128' title='bbox 263 1413 306 1444; x_wconf 91' lang='lat' dir='ltr'>ut</span> <span class='ocrx_word' id='word_1_129' title='bbox 336 1406 408 1443; x_wconf 89' lang='lat' dir='ltr'>sibi</span> <span class='ocrx_word' id='word_1_130' title='bbox 437 1406 699 1457; x_wconf 88' lang='lat' dir='ltr'>militibusque</span> <span class='ocrx_word' id='word_1_131' title='bbox 731 1415 877 1457; x_wconf 81' lang='lat' dir='ltr'>parcat.</span> <span class='ocrx_word' id='word_1_132' title='bbox 931 1406 1001 1444; x_wconf 90' lang='lat' dir='ltr'>Ille</span> <span class='ocrx_word' id='word_1_133' title='bbox 1026 1408 1242 1459; x_wconf 85' lang='lat' dir='ltr'>appellatus</span> 
     </span>
     <span class='ocr_line' id='line_1_20' title="bbox 84 1466 1240 1520; baseline 0.004 -17"><span class='ocrx_word' id='word_1_134' title='bbox 84 1467 310 1518; x_wconf 86' lang='lat' dir='ltr'>respondit:</span> <span class='ocrx_word' id='word_1_135' title='bbox 350 1466 389 1504; x_wconf 91' lang='lat' dir='ltr'>Si</span> <span class='ocrx_word' id='word_1_136' title='bbox 408 1467 502 1504; x_wconf 89' lang='lat' dir='ltr'>velit</span> <span class='ocrx_word' id='word_1_137' title='bbox 520 1479 654 1504; x_wconf 89' lang='lat' dir='ltr'>secum</span> <span class='ocrx_word' id='word_1_138' title='bbox 682 1467 866 1518; x_wconf 89' lang='lat' dir='ltr'>colloqui,</span> <span class='ocrx_word' id='word_1_139' title='bbox 895 1467 1040 1512; x_wconf 88' lang='lat' dir='ltr'>licere;</span> <span class='ocrx_word' id='word_1_140' title='bbox 1067 1482 1240 1520; x_wconf 85' lang='lat' dir='ltr'>sperare,</span> 
     </span>
     <span class='ocr_line' id='line_1_21' title="bbox 84 1527 1241 1580; baseline 0.003 -14"><span class='ocrx_word' id='word_1_141' title='bbox 84 1541 109 1566; x_wconf 87' lang='lat' dir='ltr'>a</span> <span class='ocrx_word' id='word_1_142' title='bbox 127 1527 374 1566; x_wconf 86' lang='lat' dir='ltr'>multitudine</span> <span class='ocrx_word' id='word_1_143' title='bbox 392 1527 591 1578; x_wconf 86' lang='lat' dir='ltr'>impetrari</span> <span class='ocrx_word' id='word_1_144' title='bbox 610 1541 737 1579; x_wconf 89' lang='lat' dir='ltr'>posse,</span> <span class='ocrx_word' id='word_1_145' title='bbox 758 1530 862 1580; x_wconf 88' lang='lat' dir='ltr'>quod</span> <span class='ocrx_word' id='word_1_146' title='bbox 880 1530 929 1566; x_wconf 87' lang='lat' dir='ltr'>ad</span> <span class='ocrx_word' id='word_1_147' title='bbox 956 1530 1120 1567; x_wconf 88' lang='lat' dir='ltr'>militum</span> <span class='ocrx_word' id='word_1_148' title='bbox 1139 1532 1241 1569; x_wconf 89' lang='lat' dir='ltr'>salu-</span> 
     </span>
    </p>
   </div>
   <div class='ocr_carea' id='block_1_3' title="bbox 25 1588 1241 1642">
    <p class='ocr_par' dir='ltr' id='par_1_4' title="bbox 25 1588 1241 1642">
     <span class='ocr_line' id='line_1_22' title="bbox 25 1588 1241 1642; baseline 0.003 -16"><span class='ocrx_word' id='word_1_149' title='bbox 25 1637 30 1642; x_wconf 21' lang='lat'>⁵</span> <span class='ocrx_word' id='word_1_150' title='bbox 85 1595 163 1627; x_wconf 89' lang='lat' dir='ltr'>tem</span> <span class='ocrx_word' id='word_1_151' title='bbox 182 1588 402 1639; x_wconf 87' lang='lat' dir='ltr'>pertineat;</span> <span class='ocrx_word' id='word_1_152' title='bbox 427 1589 501 1639; x_wconf 88' lang='lat' dir='ltr'>ipsi</span> <span class='ocrx_word' id='word_1_153' title='bbox 520 1601 612 1626; x_wconf 86' lang='lat' dir='ltr'>vero</span> <span class='ocrx_word' id='word_1_154' title='bbox 632 1589 727 1625; x_wconf 87' lang='lat' dir='ltr'>nihil</span> <span class='ocrx_word' id='word_1_155' title='bbox 746 1589 920 1627; x_wconf 88' lang='lat' dir='ltr'>nocitum</span> <span class='ocrx_word' id='word_1_156' title='bbox 939 1589 998 1635; x_wconf 91' lang='lat' dir='ltr'>iri,</span> <span class='ocrx_word' id='word_1_157' title='bbox 1019 1589 1134 1641; x_wconf 89' lang='lat' dir='ltr'>inque</span> <span class='ocrx_word' id='word_1_158' title='bbox 1155 1604 1241 1630; x_wconf 84' lang='lat' dir='ltr'>eam</span> 
     </span>
    </p>
   </div>
   <div class='ocr_carea' id='block_1_4' title="bbox 84 1648 1242 2318">
    <p class='ocr_par' dir='ltr' id='par_1_5' title="bbox 84 1648 1242 1947">
     <span class='ocr_line' id='line_1_23' title="bbox 86 1648 1240 1700; baseline 0.003 -14"><span class='ocrx_word' id='word_1_159' title='bbox 86 1662 167 1687; x_wconf 87' lang='lat' dir='ltr'>rem</span> <span class='ocrx_word' id='word_1_160' title='bbox 183 1661 223 1686; x_wconf 93' lang='lat' dir='ltr'>se</span> <span class='ocrx_word' id='word_1_161' title='bbox 243 1661 351 1686; x_wconf 86' lang='lat' dir='ltr'>suam</span> <span class='ocrx_word' id='word_1_162' title='bbox 370 1648 486 1686; x_wconf 88' lang='lat' dir='ltr'>fidem</span> <span class='ocrx_word' id='word_1_163' title='bbox 507 1649 766 1700; x_wconf 87' lang='lat' dir='ltr'>interponere.</span> <span class='ocrx_word' id='word_1_164' title='bbox 819 1651 891 1688; x_wconf 89' lang='lat' dir='ltr'>Ille</span> <span class='ocrx_word' id='word_1_165' title='bbox 911 1663 999 1688; x_wconf 88' lang='lat' dir='ltr'>eum</span> <span class='ocrx_word' id='word_1_166' title='bbox 1019 1651 1136 1689; x_wconf 88' lang='lat' dir='ltr'>Cotta</span> <span class='ocrx_word' id='word_1_167' title='bbox 1153 1665 1240 1690; x_wconf 89' lang='lat' dir='ltr'>sau-</span> 
     </span>
     <span class='ocr_line' id='line_1_24' title="bbox 84 1709 1239 1762; baseline 0.004 -14"><span class='ocrx_word' id='word_1_168' title='bbox 84 1710 146 1748; x_wconf 90' lang='lat' dir='ltr'>cio</span> <span class='ocrx_word' id='word_1_169' title='bbox 166 1710 442 1756; x_wconf 85' lang='lat' dir='ltr'>communicat,</span> <span class='ocrx_word' id='word_1_170' title='bbox 471 1710 502 1746; x_wconf 85' lang='lat' dir='ltr'>si</span> <span class='ocrx_word' id='word_1_171' title='bbox 521 1709 710 1756; x_wconf 83' lang='lat' dir='ltr'>videatur,</span> <span class='ocrx_word' id='word_1_172' title='bbox 742 1725 873 1762; x_wconf 81' lang='lat' dir='ltr'>pugna</span> <span class='ocrx_word' id='word_1_173' title='bbox 896 1720 938 1749; x_wconf 84' lang='lat' dir='ltr'>ut</span> <span class='ocrx_word' id='word_1_174' title='bbox 958 1715 1170 1760; x_wconf 82' lang='lat' dir='ltr'>excedant,</span> <span class='ocrx_word' id='word_1_175' title='bbox 1199 1723 1239 1753; x_wconf 87' lang='lat' dir='ltr'>et</span> 
     </span>
     <span class='ocr_line' id='line_1_25' title="bbox 86 1771 1240 1824; baseline 0.004 -15"><span class='ocrx_word' id='word_1_176' title='bbox 86 1784 175 1809; x_wconf 89' lang='lat' dir='ltr'>eum</span> <span class='ocrx_word' id='word_1_177' title='bbox 196 1772 426 1821; x_wconf 79' lang='lat' dir='ltr'>Ambiorige</span> <span class='ocrx_word' id='word_1_178' title='bbox 447 1784 523 1808; x_wconf 85' lang='lat' dir='ltr'>una</span> <span class='ocrx_word' id='word_1_179' title='bbox 543 1771 840 1822; x_wconf 78' lang='lat' dir='ltr'>colloquantur3</span> <span class='ocrx_word' id='word_1_180' title='bbox 867 1787 1036 1824; x_wconf 85' lang='lat' dir='ltr'>sperare,</span> <span class='ocrx_word' id='word_1_181' title='bbox 1057 1776 1104 1812; x_wconf 88' lang='lat' dir='ltr'>ab</span> <span class='ocrx_word' id='word_1_182' title='bbox 1124 1789 1171 1813; x_wconf 89' lang='lat' dir='ltr'>eo</span> <span class='ocrx_word' id='word_1_183' title='bbox 1190 1777 1240 1815; x_wconf 87' lang='lat' dir='ltr'>de</span> 
     </span>
     <span class='ocr_line' id='line_1_26' title="bbox 85 1832 1242 1885; baseline 0.004 -14"><span class='ocrx_word' id='word_1_184' title='bbox 85 1846 154 1871; x_wconf 84' lang='lat' dir='ltr'>sua</span> <span class='ocrx_word' id='word_1_185' title='bbox 172 1846 218 1871; x_wconf 87' lang='lat' dir='ltr'>ac</span> <span class='ocrx_word' id='word_1_186' title='bbox 238 1832 403 1870; x_wconf 86' lang='lat' dir='ltr'>militum</span> <span class='ocrx_word' id='word_1_187' title='bbox 422 1832 545 1870; x_wconf 86' lang='lat' dir='ltr'>salute</span> <span class='ocrx_word' id='word_1_188' title='bbox 565 1833 770 1884; x_wconf 81' lang='lat' dir='ltr'>impetrare</span> <span class='ocrx_word' id='word_1_189' title='bbox 803 1847 929 1885; x_wconf 81' lang='lat' dir='ltr'>posse.</span> <span class='ocrx_word' id='word_1_190' title='bbox 984 1836 1101 1874; x_wconf 88' lang='lat' dir='ltr'>Cotta</span> <span class='ocrx_word' id='word_1_191' title='bbox 1125 1850 1166 1875; x_wconf 87' lang='lat' dir='ltr'>se</span> <span class='ocrx_word' id='word_1_192' title='bbox 1191 1839 1242 1877; x_wconf 84' lang='lat' dir='ltr'>ad</span> 
     </span>
     <span class='ocr_line' id='line_1_27' title="bbox 84 1894 1240 1947; baseline 0.003 -15"><span class='ocrx_word' id='word_1_193' title='bbox 84 1902 274 1932; x_wconf 85' lang='lat' dir='ltr'>armatum</span> <span class='ocrx_word' id='word_1_194' title='bbox 293 1894 447 1931; x_wconf 83' lang='lat' dir='ltr'>hostem</span> <span class='ocrx_word' id='word_1_195' title='bbox 467 1894 608 1931; x_wconf 85' lang='lat' dir='ltr'>iturum</span> <span class='ocrx_word' id='word_1_196' title='bbox 628 1903 760 1946; x_wconf 82' lang='lat' dir='ltr'>negat,</span> <span class='ocrx_word' id='word_1_197' title='bbox 789 1903 906 1947; x_wconf 87' lang='lat' dir='ltr'>atque</span> <span class='ocrx_word' id='word_1_198' title='bbox 926 1898 964 1934; x_wconf 91' lang='lat' dir='ltr'>in</span> <span class='ocrx_word' id='word_1_199' title='bbox 985 1911 1032 1935; x_wconf 92' lang='lat' dir='ltr'>eo</span> <span class='ocrx_word' id='word_1_200' title='bbox 1052 1899 1240 1937; x_wconf 87' lang='lat' dir='ltr'>constitit.</span> 
     </span>
    </p>

    <p class='ocr_par' dir='ltr' id='par_1_6' title="bbox 84 1955 1241 2318">
     <span class='ocr_line' id='line_1_28' title="bbox 136 1955 1241 2009; baseline 0.006 -17"><span class='ocrx_word' id='word_1_201' title='bbox 136 1955 344 1993; x_wconf 81' lang='lat' dir='ltr'>XXXVII.</span> <span class='ocrx_word' id='word_1_202' title='bbox 400 1955 578 2002; x_wconf 79' lang='lat' dir='ltr'>Sabinus,</span> <span class='ocrx_word' id='word_1_203' title='bbox 616 1970 712 2007; x_wconf 88' lang='lat' dir='ltr'>quos</span> <span class='ocrx_word' id='word_1_204' title='bbox 745 1957 783 1994; x_wconf 87' lang='lat' dir='ltr'>in</span> <span class='ocrx_word' id='word_1_205' title='bbox 816 1960 1034 2009; x_wconf 82' lang='lat' dir='ltr'>praesentia</span> <span class='ocrx_word' id='word_1_206' title='bbox 1065 1960 1241 2000; x_wconf 83' lang='lat' dir='ltr'>tribunos</span> 
     </span>
     <span class='ocr_line' id='line_1_29' title="bbox 84 2016 1237 2070; baseline 0.005 -16"><span class='ocrx_word' id='word_1_207' title='bbox 84 2016 251 2054; x_wconf 87' lang='lat' dir='ltr'>militum</span> <span class='ocrx_word' id='word_1_208' title='bbox 281 2016 428 2056; x_wconf 86' lang='lat' dir='ltr'>circum</span> <span class='ocrx_word' id='word_1_209' title='bbox 461 2028 502 2054; x_wconf 90' lang='lat' dir='ltr'>se</span> <span class='ocrx_word' id='word_1_210' title='bbox 535 2018 715 2065; x_wconf 86' lang='lat' dir='ltr'>habebat,</span> <span class='ocrx_word' id='word_1_211' title='bbox 749 2026 789 2056; x_wconf 87' lang='lat' dir='ltr'>et</span> <span class='ocrx_word' id='word_1_212' title='bbox 818 2020 1028 2070; x_wconf 86' lang='lat' dir='ltr'>primorum</span> <span class='ocrx_word' id='word_1_213' title='bbox 1059 2022 1237 2061; x_wconf 87' lang='lat' dir='ltr'>ordinum</span> 
     </span>
     <span class='ocr_line' id='line_1_30' title="bbox 85 2077 1238 2133; baseline 0.005 -17"><span class='ocrx_word' id='word_1_214' title='bbox 85 2077 347 2123; x_wconf 82' lang='lat' dir='ltr'>centuriones,</span> <span class='ocrx_word' id='word_1_215' title='bbox 366 2089 406 2115; x_wconf 83' lang='lat' dir='ltr'>se</span> <span class='ocrx_word' id='word_1_216' title='bbox 422 2077 530 2128; x_wconf 86' lang='lat' dir='ltr'>sequi</span> <span class='ocrx_word' id='word_1_217' title='bbox 541 2078 671 2127; x_wconf 88' lang='lat' dir='ltr'>jubet:</span> <span class='ocrx_word' id='word_1_218' title='bbox 694 2086 747 2126; x_wconf 93' lang='lat' dir='ltr'>et,</span> <span class='ocrx_word' id='word_1_219' title='bbox 767 2092 884 2130; x_wconf 88' lang='lat' dir='ltr'>quum</span> <span class='ocrx_word' id='word_1_220' title='bbox 899 2083 1059 2133; x_wconf 85' lang='lat' dir='ltr'>propius</span> <span class='ocrx_word' id='word_1_221' title='bbox 1075 2084 1238 2122; x_wconf 89' lang='lat' dir='ltr'>Ambio-</span> 
     </span>
     <span class='ocr_line' id='line_1_31' title="bbox 85 2139 1238 2194; baseline 0.005 -18"><span class='ocrx_word' id='word_1_222' title='bbox 85 2139 208 2189; x_wconf 87' lang='lat' dir='ltr'>rigem</span> <span class='ocrx_word' id='word_1_223' title='bbox 239 2139 479 2185; x_wconf 87' lang='lat' dir='ltr'>accessisset,</span> <span class='ocrx_word' id='word_1_224' title='bbox 504 2140 634 2189; x_wconf 84' lang='lat' dir='ltr'>jussus</span> <span class='ocrx_word' id='word_1_225' title='bbox 661 2152 768 2178; x_wconf 86' lang='lat' dir='ltr'>arma</span> <span class='ocrx_word' id='word_1_226' title='bbox 792 2142 973 2192; x_wconf 85' lang='lat' dir='ltr'>abjicere,</span> <span class='ocrx_word' id='word_1_227' title='bbox 1006 2144 1238 2194; x_wconf 86' lang='lat' dir='ltr'>imperatum</span> 
     </span>
     <span class='ocr_line' id='line_1_32' title="bbox 85 2201 1237 2254; baseline 0.004 -16"><span class='ocrx_word' id='word_1_228' title='bbox 85 2201 206 2246; x_wconf 80' lang='lat' dir='ltr'>facit;</span> <span class='ocrx_word' id='word_1_229' title='bbox 234 2201 404 2252; x_wconf 88' lang='lat' dir='ltr'>suisque,</span> <span class='ocrx_word' id='word_1_230' title='bbox 439 2208 482 2238; x_wconf 89' lang='lat' dir='ltr'>ut</span> <span class='ocrx_word' id='word_1_231' title='bbox 514 2201 616 2238; x_wconf 89' lang='lat' dir='ltr'>idem</span> <span class='ocrx_word' id='word_1_232' title='bbox 643 2201 803 2248; x_wconf 78' lang='lat' dir='ltr'>faciant,</span> <span class='ocrx_word' id='word_1_233' title='bbox 834 2203 1008 2254; x_wconf 85' lang='lat' dir='ltr'>imperat.</span> <span class='ocrx_word' id='word_1_234' title='bbox 1061 2205 1237 2252; x_wconf 88' lang='lat' dir='ltr'>Interim,</span> 
     </span>
     <span class='ocr_line' id='line_1_33' title="bbox 85 2262 1238 2318; baseline 0.004 -17"><span class='ocrx_word' id='word_1_235' title='bbox 85 2263 177 2301; x_wconf 85' lang='lat' dir='ltr'>dum</span> <span class='ocrx_word' id='word_1_236' title='bbox 195 2262 245 2301; x_wconf 90' lang='lat' dir='ltr'>de</span> <span class='ocrx_word' id='word_1_237' title='bbox 264 2262 550 2301; x_wconf 87' lang='lat' dir='ltr'>conditionibus</span> <span class='ocrx_word' id='word_1_238' title='bbox 569 2262 668 2300; x_wconf 82' lang='lat' dir='ltr'>inter</span> <span class='ocrx_word' id='word_1_239' title='bbox 686 2275 728 2301; x_wconf 91' lang='lat' dir='ltr'>se</span> <span class='ocrx_word' id='word_1_240' title='bbox 741 2272 876 2314; x_wconf 84' lang='lat' dir='ltr'>agunt,</span> <span class='ocrx_word' id='word_1_241' title='bbox 895 2265 1124 2318; x_wconf 87' lang='lat' dir='ltr'>longiorque</span> <span class='ocrx_word' id='word_1_242' title='bbox 1143 2280 1238 2306; x_wconf 89' lang='lat' dir='ltr'>con-</span> 
     </span>
    </p>
   </div>
   <div class='ocr_carea' id='block_1_5' title="bbox 85 2323 1236 2424">
    <p class='ocr_par' dir='ltr' id='par_1_7' title="bbox 85 2323 1236 2424">
     <span class='ocr_line' id='line_1_34' title="bbox 85 2323 1236 2379; baseline 0.005 -17"><span class='ocrx_word' id='word_1_243' title='bbox 85 2324 187 2362; x_wconf 87' lang='lat' dir='ltr'>sulto</span> <span class='ocrx_word' id='word_1_244' title='bbox 207 2325 254 2362; x_wconf 84' lang='lat' dir='ltr'>ab</span> <span class='ocrx_word' id='word_1_245' title='bbox 275 2323 503 2376; x_wconf 88' lang='lat' dir='ltr'>Ambiorige</span> <span class='ocrx_word' id='word_1_246' title='bbox 531 2324 744 2362; x_wconf 86' lang='lat' dir='ltr'>instituitur</span> <span class='ocrx_word' id='word_1_247' title='bbox 765 2338 906 2373; x_wconf 87' lang='lat' dir='ltr'>sermo,</span> <span class='ocrx_word' id='word_1_248' title='bbox 938 2327 1138 2379; x_wconf 85' lang='lat' dir='ltr'>paullatim</span> <span class='ocrx_word' id='word_1_249' title='bbox 1163 2329 1236 2368; x_wconf 63' lang='lat' dir='ltr'>cir·</span> 
     </span>
     <span class='ocr_line' id='line_1_35' title="bbox 169 2385 743 2424; baseline 0 -2"><span class='ocrx_word' id='word_1_250' title='bbox 169 2385 279 2424; x_wconf 77' lang='lat' dir='ltr'>ToM.</span> <span class='ocrx_word' id='word_1_251' title='bbox 298 2385 330 2422; x_wconf 90' lang='lat'>1.</span> <span class='ocrx_word' id='word_1_252' title='bbox 710 2385 743 2422; x_wconf 82' lang='grc' dir='ltr'><strong>Ρ</strong></span> 
     </span>
    </p>
   </div>
   <div class='ocr_carea' id='block_1_6' title="bbox 1527 0 1556 71">
    <p class='ocr_par' dir='ltr' id='par_1_8' title="bbox 1527 0 1556 71">
     <span class='ocr_line' id='line_1_36' title="bbox 1527 0 1556 71; textangle 90"><span class='ocrx_word' id='word_1_253' title='bbox 1527 64 1529 71; x_wconf 81' lang='grc'><em>”</em></span> <span class='ocrx_word' id='word_1_254' title='bbox 1527 0 1556 29; x_wconf 60' lang='grc' dir='ltr'>Ε</span> 
     </span>
    </p>
   </div>
   <div class='ocr_carea' id='block_1_7' title="bbox 1519 236 1556 1178">
    <p class='ocr_par' dir='ltr' id='par_1_9' title="bbox 1519 236 1556 1178">
     <span class='ocr_line' id='line_1_37' title="bbox 1519 236 1556 1178; baseline 0 0"><span class='ocrx_word' id='word_1_255' title='bbox 1519 236 1556 1178; x_wconf 95' lang='lat' dir='ltr'> </span> 
     </span>
    </p>
   </div>
   <div class='ocr_carea' id='block_1_8' title="bbox 1548 1489 1556 1678">
    <p class='ocr_par' dir='ltr' id='par_1_10' title="bbox 1548 1489 1556 1678">
     <span class='ocr_line' id='line_1_38' title="bbox 1548 1489 1556 1678; baseline 0 -38"><span class='ocrx_word' id='word_1_256' title='bbox 1548 1489 1556 1678; x_wconf 56' lang='lat'>5</span> 
     </span>
    </p>
   </div>
  </div>
 </body>
</html>
