1576 2693
442 287 661 328 PRIORIS
706 290 999 329 EDITIONIS.
1236 292 1306 331 xiii

161 394 224 430 sus
243 400 282 430 et
301 393 509 438 literarum,
538 393 756 443 saepissime
776 393 1079 440 confunduntur,
1110 394 1185 431 vid.
1204 395 1241 433 J.
1263 395 1305 432 F.

163 454 397 491 Gronovium
418 453 465 490 ad
492 453 575 490 Liv.
596 453 738 490 XLIV.
760 458 794 491 2².

213 514 273 550 De
293 514 351 550 liis
372 513 544 551 Caesaris
563 514 657 551 locis
678 522 735 552 tot
755 514 878 552 verbis
898 514 1208 565 disceptavimus,
1230 529 1306 553 non

162 574 265 624 quod
284 574 451 610 virorum
470 574 670 611 doctorum
691 574 866 612 laudibus
884 587 930 612 ac
950 575 1093 612 meritis
1110 577 1306 614 obtrecta-

162 648 202 672 re
222 635 455 680 volebamus,
475 634 543 671 sed
561 647 609 671 ne
634 635 714 685 ipsa
734 643 924 673 tantorum
945 635 1109 672 virorum
1131 636 1231 674 fama
1250 645 1308 674 at-

161 708 234 745 que
255 694 462 732 auctoritas
482 695 735 744 imperitiores
755 703 821 732 aut
846 695 970 733 minus
991 704 1124 733 cautos
1146 696 1183 733 in
1203 710 1309 734 erro-

162 768 238 793 rem
258 755 497 793 inducerent.
532 755 590 792 Ex
609 755 665 792 his
685 756 883 806 exemplis,
903 756 1061 807 aliisque
1076 757 1303 807 quibusdam

162 816 331 866 ejusdem
362 816 529 866 generis,
559 829 656 866 quae
677 817 762 853 alibi
796 818 1102 862 monstravimus,
1129 817 1233 863 satis,
1267 819 1306 855 ni

161 877 341 922 fallimur,
369 876 581 927 apparebit,
615 890 727 927 quam
756 877 871 914 fallax
902 885 941 915 et
969 878 1229 927 periculosum
1258 879 1307 916 sit

163 938 279 974 libros
299 938 462 988 scriptos
482 937 672 984 deserere,
707 938 771 987 qui
791 944 908 975 testes
929 946 1078 976 veteres
1098 951 1144 977 ac
1170 952 1305 989 graves

162 998 327 1035 habendi
348 1005 450 1043 sunt,
484 1010 644 1047 quorum
664 997 933 1034 auctoritatem
960 1011 1199 1049 nequaquam
1228 1000 1304 1037 ele-

163 1071 265 1105 vare,
286 1066 351 1095 aut
371 1058 518 1095 levibus
538 1057 585 1094 de
601 1058 724 1094 causis
744 1058 961 1107 repudiare,
981 1058 1181 1096 debemus.

213 1118 328 1156 Locis
344 1118 582 1168 quibusdam,
603 1117 640 1154 in
657 1117 872 1154 nominibus
887 1119 1048 1168 propriis
1067 1120 1306 1169 praesertim,

165 1180 237 1218 ccl.
265 1178 438 1217 Oberlini
458 1178 727 1216 auctoritatem
749 1178 886 1224 secuti,
917 1192 940 1216 a
964 1179 1130 1217 lectione
1157 1181 1312 1230 vulgata

164 1239 402 1278 recessimus.
457 1238 502 1275 E.
533 1237 582 1274 G.
613 1238 886 1289 Magelobrimn
917 1239 1176 1290 rescripsimus
1192 1253 1202 1277 z
1235 1240 1309 1278 hoc

164 1300 264 1338 enim
285 1312 367 1337 esse
383 1299 458 1336 loci
477 1290 630 1344 nomen,
650 1299 752 1349 quod
772 1299 1034 1336 diversissimis
1050 1300 1171 1337 modis
1188 1300 1310 1350 scrip-

166 1369 244 1398 tum
273 1360 473 1410 reperitur,
504 1367 754 1397 monumento
784 1360 950 1410 quodam
982 1360 1153 1410 antiquo,
1186 1374 1309 1411 nuper

170 1421 183 1472 (
198 1420 313 1471 1802)
333 1420 370 1456 in
388 1420 511 1457 Arare
527 1419 676 1465 effosso,
696 1433 782 1457 cum
798 1420 1007 1470 epigraphe
1023 1420 1311 1459 MAGETOB.

165 1481 445 1532 quodammodo
478 1480 741 1518 confirmatur.
795 1481 882 1518 Vid.
912 1481 1044 1518 Oberl.
1073 1481 1121 1518 ad
1141 1481 1186 1518 L.
1217 1482 1248 1519 l.
1275 1496 1309 1520 c.

167 1544 228 1579 31.
255 1541 302 1578 de
323 1540 432 1578 Bello
452 1539 616 1577 Gallico.
670 1540 816 1578 Eadem
837 1541 942 1578 ducti
971 1542 1212 1587 auctoritate,
1240 1555 1310 1592 pro

166 1602 322 1652 vulgato
351 1601 570 1652 Urbigenus‚
598 1614 631 1639 c.
651 1603 713 1641 27.
732 1602 927 1652 antiquam
947 1602 1154 1639 lectionem
1184 1603 1308 1640 Verbi-

161 1676 279 1714 genus
295 1662 543 1708 restituimus,
564 1675 660 1712 quae
680 1663 852 1699 firmatur
867 1663 932 1699 ara
948 1663 1111 1713 lapidea,
1130 1676 1230 1700 anno
1250 1677 1312 1701 su-

166 1723 325 1774 perioris
354 1723 494 1760 saeculi
515 1722 757 1772 sexagesimo
778 1736 880 1761 nono
902 1723 1078 1760 Saloduri
1114 1723 1307 1776 (Soleure)

167 1785 354 1835 inspecta,
383 1784 524 1820 Gmuo
543 1783 796 1820 VERmGENo
816 1783 954 1821 dicata.
1010 1784 1108 1820 Vide
1129 1785 1312 1835 Magasz'n

168 1844 484 1896 Encyclopedique
499 1844 643 1881 BIen-sis
655 1846 752 1895 Apr.
770 1847 882 1882 1806.
902 1845 964 1881 ubi
982 1845 1054 1881 Th.
1072 1844 1133 1881 Fr.
1152 1844 1312 1882 winck-

167 1906 223 1943 ler
241 1905 369 1942 multis
390 1905 469 1955 egit
489 1912 568 1941 tum
589 1904 637 1941 de
656 1905 727 1951 his,
749 1912 829 1942 turn
852 1905 899 1942 de
921 1905 1096 1942 Oberlini
1116 1913 1313 1955 praestan-

167 1965 310 2003 tissima
326 1965 499 2002 Caesaris
514 1964 695 2002 editione.
732 1965 952 2002 nolendum
969 1975 1097 2003 tamen
1115 1974 1172 2003 est
1192 1966 1313 2004 celeb.

169 2026 394 2064 Oberlinum
414 2038 494 2063 rem
524 2025 676 2075 pessimi
696 2026 865 2076 exempli
896 2039 1030 2063 ausum
1049 2039 1145 2073 esse,
1178 2027 1314 2065 lectio-

169 2099 256 2123 nem
275 2085 467 2136 vulgatam
487 2085 692 2131 interdum,
712 2085 805 2122 nihil
825 2086 970 2123 monito
985 2085 1144 2131 lectore,
1164 2095 1313 2124 mutan-

170 2147 242 2190 do;
270 2146 459 2184 interdum
483 2146 670 2183 lectiones
689 2146 881 2192 codicum,
909 2146 1111 2184 manifesto
1131 2147 1314 2197 deprava·

166 2215 226 2245 tas
246 2215 285 2244 et
304 2215 515 2257 corruptam,
536 2207 584 2244 ad
597 2207 704 2257 leges
720 2207 999 2244 Grammaticas
1018 2215 1056 2244 et
1071 2220 1197 2245 rerum
1218 2208 1318 2245 veri-

169 2275 300 2315 tatem,
320 2267 477 2305 arbitrio
497 2280 566 2305 suo
582 2280 628 2304 ex
650 2267 822 2319 professo
843 2267 1072 2306 revocando.
1125 2267 1215 2305 Hoc
1231 2267 1320 2318 qui‹
