1576 2693
504 290 722 328 PRIORIS
769 289 1065 328 EDITIONIS.
1326 292 1367 330 xi

218 400 260 431 ta
280 394 568 445 rescripserunt.
615 393 697 431 Nos
715 393 921 431 lectionem
940 392 1147 443 vulgatam,
1167 403 1280 443 quam
1299 405 1363 430 ce·

219 454 293 490 teri
312 466 443 491 omnes
462 453 546 490 libri
567 460 736 498 tuentur,
757 454 989 497 retinemus;
1024 460 1077 498 et,
1110 458 1152 489 ut
1171 452 1364 490 sententia

220 514 341 564 magis
355 513 553 551 manifesta
567 514 646 559 fiat,
665 520 752 564 post
765 526 898 551 vocem
913 512 1170 551 consuetudine
1185 511 1362 561 distinxi-

217 586 315 611 mus.

268 634 314 671 In
334 634 420 672 Lib.
436 635 484 672 de
505 635 613 673 Bello
630 634 875 685 Hispaniensi
896 647 929 671 c.
944 637 1005 672 34.
1021 634 1197 680 refertur,
1217 633 1361 672 clamo-

217 708 297 734 rem
319 707 448 733 1NTER
469 696 731 741 Caesarianos,
759 702 798 731 et
818 706 948 731 INTER
980 694 1247 745 Pompeianos,
1275 707 1361 745 per-

216 756 364 793 venisse
379 755 458 793 fere
471 756 516 792 ‚in
533 763 656 793 castra
671 755 858 794 CaesarIS.
888 755 1126 805 Praepositio
1148 766 1279 793 ιΝΤΕιι
1296 768 1361 792 eo-

213 815 302 854 dem
321 817 436 854 modo
464 817 601 854 iterata
620 816 808 867 reperitur
825 816 928 866 apud
947 816 1168 861 Horatium,
1215 816 1295 853 Sat.
1325 816 1357 853 Ι.

214 878 250 917 7.
274 880 332 915 11.
351 885 390 914 et
410 891 538 923 rursus
556 877 627 927 Ep.
646 877 677 915 Ι.
694 878 730 914 2.
756 879 813 914 12.
852 876 915 913 Ad
931 876 1096 927 priorem
1111 876 1239 914 locum
1255 876 1358 915 cele-

212 937 312 974 berr.
342 938 540 975 Bentleius
561 938 656 974 haec
675 937 883 974 annotavit.
936 942 962 960 “
984 937 1171 974 Vitiosum
1192 949 1282 985 sane
1301 937 1356 975 lo·

212 1003 238 1021 ‘⁶
259 997 402 1049 quendi
429 1011 551 1048 genus
582 1007 621 1036 et
641 997 809 1041 ιδιωτικον,
844 998 1024 1048 quodque
1043 998 1171 1048 magni
1198 998 1359 1036 emerim

212 1064 239 1082 “
259 1072 453 1110 nunquam
472 1060 519 1096 ab
541 1059 705 1097 Horatio
724 1060 927 1110 prolatum.
981 1062 1003 1084 θ*
1024 1061 1047 1084 *
1068 1060 1090 1084 ²*
1108 1058 1241 1101 Quivis
1259 1059 1355 1097 alius

211 1125 237 1143 “
256 1120 420 1171 scriptor
433 1120 531 1157 inter
544 1121 662 1157 semel
683 1127 830 1158 tanturn
846 1119 1038 1170 posuerit:
1059 1126 1102 1156 ut
1115 1119 1271 1158 Terent.
1292 1125 1303 1142 ‘
1318 1120 1355 1157 I-

211 1186 237 1204 “
257 1194 320 1224 rae
340 1188 428 1218 sunt
447 1180 544 1217 inter
563 1180 788 1231 Glycerium
808 1188 846 1217 et
866 1181 1054 1230 gnatum.'
1094 1182 1116 1205 ’¹‘
1138 1182 1160 1205 ’ἓ
1182 1183 1205 1206 *
1228 1179 1277 1218 Et
1295 1181 1352 1218 sic

210 1246 237 1264 “
256 1241 321 1278 alii
341 1241 480 1292 ubique
501 1253 646 1279 omnes.
682 1241 819 1292 Neque
834 1254 924 1278 vero
940 1240 1060 1290 magis
1074 1241 1122 1278 ab
1141 1253 1221 1287 usu,
1241 1254 1355 1292 quam

209 1307 236 1326 ‘⁴
256 1315 279 1340 a
297 1302 454 1348 ratione,
482 1302 641 1344 recessit
659 1309 801 1340 noster.
855 1304 878 1327 ἢ*
900 1304 922 1327 *²
943 1304 965 1327 *
986 1301 1239 1338 Hebraismus
1269 1302 1353 1352 qui-

206 1367 234 1386 “
253 1363 340 1400 dem
356 1370 427 1408 est,
448 1375 562 1414 quem
578 1362 830 1413 Septuaginta
844 1369 1137 1412 expresserunt:
1166 1371 1239 1409 Ανρι
1254 1379 1352 1413 μεθ-ου

208 1429 234 1447 “
252 1441 295 1463 τε
313 1424 421 1470 φωἿος,
442 1442 501 1462 nou
520 1442 585 1462 xm
604 1441 697 1473 μεσον
716 1441 758 1463 τε
777 1441 907 1466 nores.
935 1431 975 1460 at
990 1423 1149 1462 Latinus
1164 1424 1358 1475 interpres

205 1490 232 1509 “
251 1486 374 1524 noluit
401 1486 545 1533 dicere,
579 1491 590 1509 ‘
609 1486 707 1524 inter
725 1487 865 1532 lucem,
885 1493 924 1523 et
942 1485 1041 1522 inter
1059 1485 1267 1533 tenebras,’
1292 1494 1352 1523 ut-

205 1550 231 1568 “
251 1553 342 1596 pote
360 1558 536 1583 sermone
563 1545 704 1585 Latino
723 1546 933 1585 alienum.''
961 1548 1031 1582 ἃς.
1085 1545 1201 1582 Hanc
1221 1546 1351 1596 magni

203 1605 371 1645 Bentleii
389 1606 621 1644 sententiam
646 1607 890 1658 amplectitur
917 1606 1101 1644 celeberr.
1155 1605 1350 1657 Heynius,

202 1666 412 1703 hodiernae
433 1666 664 1705 Germaniae
684 1667 833 1705 lumen:
866 1672 891 1690 ‘⁶
911 1667 983 1703 Illa
1001 1673 1128 1704 autem
1152 1666 1288 1715 forma,
1310 1675 1351 1704 ut

204 1731 230 1748 “
249 1726 359 1772 inter,
380 1726 477 1764 inter
491 1734 702 1777 repetatur,
722 1728 787 1765 ubi
802 1728 982 1765 sollennis
999 1740 1083 1764 usus
1098 1735 1137 1764 et
1152 1727 1233 1777 ipsa
1252 1727 1349 1765 ratio

204 1792 230 1810 ‘⁴
252 1800 367 1825 unum
395 1795 542 1825 tantum
571 1789 669 1827 inter
697 1789 918 1834 admittunt,
946 1788 1085 1838 passim
1108 1789 1188 1837 jam
1209 1801 1231 1825 a
1259 1789 1355 1835 viris¹

203 1853 230 1871 ‘⁴
249 1848 374 1887 doctis
393 1849 593 1887 observata
612 1850 712 1885 est.''
733 1852 801 1886 διο.
837 1849 984 1886 Observ.
1003 1848 1042 1886 in
1062 1848 1098 1885 T
1095 1847 1196 1886 ibull.
1204 1863 1246 1899 p.
1261 1851 1348 1886 231.

200 1909 274 1946 Ed.
295 1909 404 1947 3tiae.
462 1909 604 1946 Mirum
623 1909 733 1947 nobis
752 1909 915 1954 videtur,
949 1908 1045 1945 tanti
1064 1909 1226 1952 nominis
1246 1909 1353 1955 viros

200 1969 249 2006 de
275 1969 387 2018 hujus
412 1969 617 2007 locutionis
645 1969 853 2007 Latinitate
880 1969 938 2006 vel
958 1968 1134 2006 dubitare
1161 1969 1345 2020 potuisse,

201 2042 300 2080 quae
325 2043 347 2067 a
374 2030 648 2080 probatissimis
676 2030 897 2068 auctoribus
923 2037 1138 2079 usurpatur,
1168 2043 1351 2081 quaeque-

199 2091 303 2140 apud
324 2090 548 2136 Varronem,
570 2090 825 2141 Propertium,
847 2090 1054 2135 Tibullum,
1074 2089 1240 2139 Livium,
1259 2091 1344 2137 Ho-

201 2152 338 2189 ratium
359 2152 429 2197 bis,
451 2152 678 2189 Ciceronem
697 2152 838 2198 sexies,
859 2152 1058 2202 reperitur.
1106 2151 1184 2188 Sed
1202 2152 1249 2190 de
1269 2153 1344 2197 hoe

200 2211 381 2261 loquendi
412 2225 553 2262 genere
574 2213 662 2250 alibi
681 2213 801 2250 fusius
820 2226 934 2262 agere
963 2213 1000 2248 in
1020 2212 1147 2253 animo
1167 2219 1249 2250 est:
1278 2214 1343 2251 ubi

198 2271 402 2309 ostendere
419 2272 643 2312 conabimur
659 2273 818 2311 eandem
834 2286 916 2311 esse
933 2273 1044 2322 hujus
1059 2272 1264 2317 locutionis
1280 2288 1345 2319 ra-¹

196 2331 343 2378 tionem,
363 2340 478 2383 atque
494 2333 696 2371 multarum
712 2334 883 2380 aliarum,
905 2347 1001 2384 quae
1017 2334 1063 2371 ab
1080 2333 1231 2384 optimis
1252 2346 1340 2372 auc-
