1556 2683
230 266 306 302 230
541 263 616 301 DE
656 264 833 302 BELLO
878 263 1122 303 GALLICO

224 373 390 404 tremum
410 367 596 405 cuniculis
617 380 735 405 venae
755 368 871 405 fontis
891 368 1092 405 intercisae
1112 375 1214 413 sunt,
1247 375 1362 419 atque

221 440 389 465 aversae.
428 430 514 470 Quo
536 428 639 466 sacto
660 429 881 473 exhaustus,
903 435 1060 477 repente
1076 428 1252 477 perennis
1273 442 1366 465 exa-

221 488 297 525 ruit
318 489 417 535 fons,
452 497 674 539 tantamque
695 489 823 526 attulit
851 488 1051 539 oppidanis
1071 489 1201 526 salutis
1230 489 1366 539 despe-

221 549 424 595 rationem,
458 558 500 586 ut
520 550 558 586 id
588 563 664 586 non
686 550 883 586 hominum
912 549 1085 594 consilio,
1119 550 1186 586 sed
1206 550 1365 586 deorum

221 610 433 655 voluntate,
453 612 597 648 factum
614 618 805 661 putarent.
833 610 982 661 Itaque,
1003 611 1231 648 necessitate
1254 623 1366 648 coac-

226 670 268 716 ti,
289 683 328 707 se
350 671 602 709 tradiderunt.

273 732 417 769 XLIV.
473 733 629 779 Caesar,
664 748 781 783 quum
807 746 913 770 suam
943 732 1139 769 lenitatem
1174 733 1367 781 cognitam

221 784 398 820 omnibus
419 785 547 829 sciret,
582 798 706 835 neque
726 793 937 829 vereretur,
959 797 1005 820 nc
1026 784 1118 833 quid
1138 785 1365 822 crudelitate

221 852 379 881 naturae
399 845 594 883 videretur
609 846 779 896 asperius
799 846 951 891 secisse,
972 858 1096 895 neque
1115 846 1262 882 exitum
1277 859 1368 883 con-

219 905 389 942 siliorum
408 919 564 943 suorum
584 907 917 952 animadverteret,
938 905 969 943 si
989 906 1052 942 tali
1073 906 1220 944 ratione
1242 907 1367 943 diver-

220 965 270 1002 sis
303 966 340 1002 in
361 966 456 1003 locis
476 967 606 1016 plures
637 968 822 1005 rebellare
855 967 1013 1004 consilia
1032 966 1205 1012 inissent,
1234 979 1366 1005 exem-

219 1027 282 1076 plo
302 1027 480 1078 supplicii
509 1028 760 1066 deterrendos
791 1029 956 1079 reliquos
991 1027 1234 1065 existimavit.
1288 1028 1367 1066 Ita-

222 1101 297 1137 que
318 1089 507 1134 omnibus‚
528 1089 592 1140 qui
613 1103 717 1128 arma
736 1091 916 1135 tulerant,
937 1103 1070 1127 manus
1089 1089 1290 1140 praecidit,
1310 1089 1366 1126 vi-

219 1155 297 1185 tam
317 1150 525 1192 concessit;
549 1164 625 1201 quo
643 1152 817 1189 testatior
836 1159 937 1189 esset
952 1165 1075 1201 poena
1089 1152 1364 1201 improborum.

219 1209 411 1261 Drappes,
446 1225 560 1262 quem
591 1221 744 1263 captum
777 1226 860 1250 esse
881 1226 902 1250 a
937 1213 1097 1250 Caninio
1132 1212 1259 1258 docui,
1291 1213 1369 1250 sive

218 1271 495 1320 indignatione,
527 1280 566 1309 et
585 1274 717 1310 dolore
738 1274 989 1319 vinculorum,
1022 1274 1100 1310 sive
1121 1273 1256 1310 timore
1277 1286 1364 1323 gra-

218 1332 332 1369 vioris
350 1334 540 1383 supplicii,
561 1335 693 1383 paucis
712 1334 847 1371 diebus
867 1347 906 1371 se
928 1335 1014 1371 cibo
1029 1333 1227 1378 abstinuit,
1253 1343 1368 1384 atque

219 1393 272 1429 ita
290 1393 447 1430 interiit.
486 1393 635 1431 Eodem
655 1402 828 1444 tempore
849 1393 1069 1438 Lucterius,
1099 1406 1214 1444 quem
1234 1394 1365 1444 profu-

217 1454 318 1501 gisse
342 1467 391 1490 ex
411 1454 558 1504 proelio
578 1455 727 1505 scripsi,
748 1469 866 1505 quum
885 1456 922 1491 in
943 1462 1174 1505 potestatem
1195 1455 1360 1492 venisset

219 1513 426 1564 Epasnacti
443 1515 622 1560 Arverni,
642 1515 801 1567 (crebro
822 1516 922 1553 enim
943 1515 1135 1552 mutandis
1154 1515 1248 1552 locis
1268 1516 1365 1552 mul-

219 1581 344 1612 torum
376 1575 464 1612 fidei
492 1589 532 1613 se
565 1576 845 1620 committebat,
875 1575 978 1626 quod.
1007 1587 1193 1625 nusquam
1221 1575 1365 1613 diutius

218 1635 299 1672 sine
320 1636 492 1686 periculo
509 1644 813 1674 commoraturus
826 1637 1042 1681 videbatur,
1057 1649 1173 1686 quum
1189 1636 1258 1673 sibi
1275 1650 1367 1674 con-

218 1697 319 1733 scius
333 1705 446 1743 esset,
466 1711 578 1748 quam
593 1698 787 1735 inimicum
804 1698 963 1735 deberet
979 1698 1183 1735 Caesarem
1198 1698 1364 1750 habere)

220 1756 324 1794 hunc
346 1757 587 1808 Epasnactus
621 1759 832 1803 Arvernus,
865 1758 1115 1795 amicissimus
1135 1759 1267 1809 populi
1290 1760 1368 1797 Ro-

221 1818 336 1864 mani,
373 1817 455 1855 sine
493 1819 731 1856 dubitatione
764 1819 840 1856 ulla
869 1820 1040 1856 vinctum
1072 1818 1121 1856 ad.
1162 1820 1367 1859 Caesarem

220 1878 395 1916 deduxit.

271 1940 394 1976 XLV.
448 1936 643 1978 Labienus
662 1941 811 1978 interim
826 1941 862 1977 in
881 1941 1047 1979 Treviris
1061 1949 1240 1991 equestre
1256 1956 1370 1992 proe-

218 2000 310 2037 lium
342 2002 555 2038 secundum
589 2001 702 2039 facit:
742 2002 1079 2052 compluribusque
1113 2003 1280 2040 Treviris
1313 2004 1370 2040 in-

221 2061 408 2108 terfectis‚
441 2070 479 2100 et
501 2063 720 2108 Germanis,
752 2064 815 2113 qui
837 2063 930 2099 nulli
962 2064 1142 2101 adversus
1176 2064 1370 2103 Romanos

219 2123 364 2160 auxilia
397 2124 654 2174 denegabant,
684 2124 876 2175 principes
907 2138 1039 2162 eorum
1071 2125 1175 2162 vivos
1202 2126 1240 2162 in
1260 2139 1368 2164 suam

221 2184 369 2233 redegit
391 2193 621 2235 potestatem
640 2202 648 2228 ;
667 2192 783 2235 atque
805 2186 841 2221 in
861 2185 906 2222 iis
927 2186 1065 2223 Surum
1089 2186 1281 2232 Aeduum,
1299 2188 1365 2237 qui

219 2252 256 2284 rt
290 2245 439 2284 virtutis
460 2254 498 2284 et
518 2246 669 2297 generis
698 2258 886 2284 summam
915 2246 1154 2285 nobilitatem
1187 2247 1368 2296 habebat,
