1556 2683
523 230 689 269 LIBER
742 231 816 269 111.
1209 236 1257 272 61

114 346 155 371 se
175 334 311 371 morari
331 346 442 384 posse
460 333 718 371 confidebant.
755 347 800 373 ac
811 335 904 383 jam,
926 341 968 371 ut
981 334 1108 374 omnia
1125 342 1262 373 contra

114 395 332 444 opinionem
352 395 588 440 acciderent,
625 403 752 433 tamen
784 408 825 433 se
862 395 1065 445 plurimum
1100 396 1263 435 navibus

112 467 245 505 posse:
287 456 481 494 Romanos
512 470 636 505 neque
657 457 770 494 ullam
792 456 1013 495 facultatem
1034 457 1178 495 habere
1195 469 1262 495 na-

113 517 231 562 vium,
264 530 390 567 neq-ue
410 530 540 555 eorum
564 518 750 562 locorum,
784 518 847 555 ubi
878 517 1018 556 bellum
1039 518 1184 568 gesturi
1203 531 1263 555 es-

113 585 212 623 sent,
247 578 356 623 vada,
385 586 532 628 portuS,
560 579 701 615 insulas
720 578 871 616 novisse
887 592 896 615 ε
926 591 971 616 ae
1004 579 1118 628 longe
1148 579 1262 617 aliam

116 651 198 676 esse
229 639 510 689 navigationem
533 641 568 675 in
591 640 774 677 concluso
793 639 901 684 mari,
937 647 1052 690 atque
1071 640 1108 678 in
1128 640 1262 677 vastis-

113 700 209 738 simo
228 708 344 750 atque
373 700 612 750 apertissimo
644 713 805 746 oceano,
834 701 1133 750 perspiciebant.
1187 700 1262 738 His

116 761 219 798 initis
239 761 420 807 consiliis,
454 761 595 812 oppida
613 762 804 807 muniunt,
824 762 1015 800 frumenta
1034 774 1083 799 ex
1102 761 1204 811 agris
1221 762 1262 799 in

112 822 254 874 oppida
285 830 528 873 comportant
548 835 556 858 :
591 836 707 860 naves
737 823 774 860 in
797 823 1014 868 Venetiam,
1034 823 1098 860 ubi
1119 824 1261 862 Caesa-

112 896 192 920 rem
220 883 384 933 primum
416 884 559 920 bellum
593 891 790 934 gesturum
811 885 1027 929 constabat,
1045 897 1158 935 quam
1176 885 1262 934 plu-

111 943 224 982 rimas
237 952 412 995 possunt,
435 953 592 994 cogunt.
648 945 782 983 Socios
801 945 870 982 sibi
886 945 987 984 adid
999 946 1140 984 bellum
1153 945 1261 983 Osis-

111 1003 221 1048 mios,
241 1004 450 1049 Lexovi0s‚
468 1004 678 1050 Nannetes,
697 1005 940 1051 Ambiliatos,
957 1005 1148 1051 Morinos,
1166 1006 1261 1044 Dia-

109 1063 265 1110 blintes,
294 1065 510 1115 Menapios,
541 1065 777 1104 adsciscunt:
811 1066 954 1104 auxilia
979 1080 1028 1104 ex
1047 1067 1260 1112 Britannia,

110 1138 207 1175 quae
223 1134 359 1166 contra
373 1139 436 1164 eas
451 1127 628 1177 regiones
641 1127 765 1178 posita
777 1135 849 1173 est,
870 1135 1080 1166 arcessunt.

162 1185 211 1222 X.
268 1186 388 1224 Erant
406 1187 479 1224 hae
499 1186 741 1225 difficultates
769 1188 859 1225 belli
879 1188 1053 1238 gerendi,
1086 1201 1180 1240 quas
1198 1201 1260 1226 su-

108 1259 180 1297 pra
198 1247 450 1285 ostendimus.
477 1248 546 1287 sed
560 1249 682 1286 multa
697 1249 900 1286 Caesarem
917 1257 1044 1288 tamen
1060 1250 1109 1287 ad
1123 1249 1163 1286 id
1178 1250 1259 1287 bel-

107 1309 187 1346 lum
208 1309 446 1346 incitabant:
476 1309 636 1359 injuriae
657 1317 894 1348 retentorum
919 1311 1090 1361 equitum
1117 1311 1260 1349 Roma·

108 1384 258 1416 norum,
290 1370 448 1408 rebellio
467 1370 570 1409 sacta
588 1378 675 1421 post
694 1371 944 1418 deditionem,
974 1372 1142 1410 defectio
1160 1373 1260 1411 datis

111 1432 322 1477 obsidibus,
336 1439 394 1470 tot
414 1432 611 1470 civitatum
628 1433 843 1482 conjuratio
859 1447 868 1469 z
897 1433 934 1471 in
950 1433 1095 1483 primis,
1110 1447 1172 1481 ne,
1187 1434 1261 1473 hac

111 1500 222 1543 parte
241 1493 433 1543 neglecta,
453 1493 622 1544 reliquae
636 1494 811 1531 nationes
823 1495 892 1532 sibi
910 1494 1009 1532 idem
1029 1495 1146 1533 licere
1159 1495 1260 1534 arbi-

108 1564 315 1594 trarentur.
351 1556 503 1606 Itaque,
523 1569 640 1606 quum
660 1555 907 1606 intelligeret,
923 1569 1056 1595 omnes
1070 1556 1151 1594 fere
1166 1556 1263 1595 Gal-

105 1619 165 1656 los
185 1618 293 1656 novis
313 1618 427 1655 rebus
446 1617 616 1662 studere,
647 1624 687 1655 et
705 1617 754 1654 ad
773 1617 917 1655 bellum
946 1617 1140 1656 mobiliter
1159 1618 1260 1655 cele-

108 1679 279 1729 riterque
299 1678 475 1723 excitari,
495 1690 628 1715 omnes
647 1685 776 1715 autem
797 1677 970 1716 homines
990 1686 1128 1716 natura
1145 1678 1260 1716 liber-

109 1740 179 1777 tati
199 1740 369 1784 studere,
399 1747 439 1776 et
471 1738 732 1776 conditionem
751 1739 945 1777 servitutis
975 1739 1124 1782 odisse;
1154 1739 1261 1789 prius

109 1814 222 1852 quam
241 1802 370 1852 plures
390 1801 563 1838 civitates
597 1800 877 1851 conspirarent,
906 1800 1152 1850 partiendum
1172 1801 1261 1847 sibi,

109 1876 154 1901 ac
169 1863 283 1900 latius
297 1862 618 1907 distribuendum,
632 1862 846 1899 exercitum
866 1862 1028 1912 putavit.

164 1923 236 1960 XI.
290 1923 427 1973 ltaque
443 1922 488 1959 T.
509 1922 723 1960 Labienum
738 1923 906 1973 legatum
925 1923 964 1959 in
981 1923 1172 1970 Treviros,
1192 1923 1261 1974 qui

105 1985 272 2036 proximi
303 1985 452 2021 flumini
483 1984 621 2021 Rheno
654 1992 756 2030 sunt,
794 1997 880 2022 cum
919 1985 1092 2035 equitatu
1131 1985 1260 2022 mittit.

110 2046 217 2084 Huic
236 2046 406 2091 mandat,
424 2045 566 2083 Remos
582 2045 827 2096 reliquosque
842 2046 981 2096 Belgas
997 2046 1124 2091 adeat,
1143 2053 1259 2096 atque

108 2108 149 2144 in
169 2107 292 2145 officio
312 2107 531 2149 contineat;
559 2106 865 2158 Germanosque,
886 2108 950 2158 qui
969 2107 1113 2144 auxilio
1132 2120 1156 2145 a
1171 2107 1261 2145 Bel-

110 2169 168 2219 gis
187 2169 359 2206 arcessiti
389 2169 629 2214 dicebantur,
661 2168 692 2205 si
723 2181 792 2218 per
823 2169 899 2205 vim
927 2169 1085 2206 navibus
1114 2168 1260 2207 flumen

105 2227 269 2266 transire
304 2235 507 2272 conentur,
527 2228 742 2278 prohibeat.
799 2228 840 2264 P.
863 2229 1041 2266 Crassum
1074 2242 1161 2267 cum
1194 2242 1259 2267 co-

108 2286 285 2329 hortibus
304 2287 524 2338 legionariis
543 2299 621 2334 xn,
654 2296 693 2326 et
712 2302 852 2339 magno
871 2302 1032 2328 numero
1051 2289 1260 2341 equitatus,
