1556 2683
580 213 746 251 LIBER
801 214 872 251 IV.
1256 221 1304 256 93

155 316 214 365 gis
234 315 402 353 omnium
436 315 631 366 legionum
651 316 813 354 hiberna
834 316 1047 355 constituit.
1117 317 1175 355 Eo
1207 318 1305 356 duae

157 376 314 413 omnino
334 376 508 414 civitates
529 389 577 414 ex
598 377 797 415 Britannia
812 377 964 414 obsides
980 377 1165 415 miserunt
1182 391 1192 415 ι
1219 378 1306 416 reli·

156 448 254 485 quae
271 436 540 486 neglexerunt.
594 436 669 474 His
685 437 798 475 rebus
813 437 947 487 gestis,
962 450 1011 475 ex
1027 437 1148 475 literis
1165 439 1305 476 Caesa-

155 496 205 532 ris
224 496 372 534 dierum
393 510 446 533 xx
466 497 696 548 supplicatio
715 510 737 535 a
756 505 892 535 senatu
911 498 1069 536 decreta
1088 507 1157 537 est.

600 739 766 778 LIBER
821 740 867 777 V.

204 863 236 900 I.
291 864 461 903 LUCIO
482 864 670 910 Domitio,
692 865 768 915 Ap.
790 862 952 902 Claudio
972 876 1084 909 coss„
1104 863 1305 902 discedens

151 926 199 962 ab
218 926 388 964 hibernis
406 926 546 963 Caesar
560 926 597 962 in
614 926 778 970 ltaliam,
793 933 835 963 ut
850 925 1054 975 quotannis
1068 925 1196 962 facere
1212 938 1304 962 con-

150 987 292 1032 suerat,
321 987 458 1036 legatis
478 986 654 1037 imperat,
683 999 780 1036 quos
812 986 1029 1036 legionibus
1048 986 1305 1036 praefecerat,

149 1046 218 1091 uti,
239 1047 537 1097 quamplurimas
555 1053 727 1096 possent,
747 1045 873 1083 hieme
890 1059 1004 1083 naves
1024 1046 1300 1091 aedificandas,

147 1114 375 1158 veteresque
391 1107 631 1153 reficiendas,
652 1115 845 1145 curarent.
876 1106 1018 1144 Earum
1035 1107 1206 1152 modum,
1221 1106 1299 1143 for-

146 1181 337 1219 mamque,
357 1169 607 1206 demonstrat.
654 1168 720 1205 Ad
734 1168 972 1205 celeritatem
988 1168 1187 1214 onerandi,
1208 1169 1298 1205 sub-

146 1228 439 1279 ductionesque,
469 1227 598 1279 paullo
616 1228 710 1266 facit
741 1228 977 1274 humiliores,
1007 1241 1120 1278 quam
1154 1229 1293 1279 quibus

146 1289 185 1325 in
205 1296 337 1327 nostro
356 1290 450 1326 mari
473 1289 526 1326 uti
547 1289 833 1332 consuevimus;
865 1297 983 1340 atque
1013 1289 1051 1326 id
1082 1302 1129 1326 eo
1163 1290 1302 1340 magis,

146 1350 251 1400 quod
270 1358 429 1400 propter
462 1351 616 1388 crebras
636 1350 959 1388 commutationes
979 1360 1154 1388 aestuum
1175 1350 1300 1388 minus

147 1423 308 1461 magnos
326 1411 379 1448 ibi
398 1411 540 1448 fluctus
559 1410 642 1448 fieri
669 1419 928 1460 cognoverat;
955 1411 1004 1448 ad
1023 1425 1155 1457 onera,
1183 1420 1220 1449 et
1254 1412 1303 1450 ad

145 1472 429 1509 multitudinem
445 1473 708 1522 jumentorum
730 1472 1080 1522 transportandam,
1100 1474 1228 1523 paullo
1248 1474 1301 1510 la-

145 1534 275 1579 tiores,
295 1545 409 1584 quam
429 1533 567 1583 quibus
587 1533 625 1568 in
645 1532 801 1582 reliquis
822 1534 964 1570 utimur
983 1535 1163 1571 maribus.
1219 1535 1302 1572 Has

146 1608 279 1632 omnes
297 1593 486 1632 actuarias
506 1593 668 1643 imperat
687 1592 768 1630 fieri
785 1606 794 1629 :
823 1606 936 1643 quam
969 1593 1017 1630 ad
1037 1607 1117 1630 rem
1138 1595 1300 1632 inultum

147 1655 341 1693 humilitas
360 1655 530 1704 adjuvat.
595 1653 666 1699 Ea,
700 1667 798 1705 quae
817 1662 905 1691 sunt
925 1655 1009 1691 usui
1030 1655 1077 1691 ad
1098 1656 1300 1693 armandas

144 1729 274 1761 naves,
303 1730 351 1753 cx
373 1715 564 1765 Hispania
583 1715 775 1766 apportari
791 1716 916 1765 jubet.
970 1716 1074 1766 lpse,
1096 1718 1300 1754 conventi-

147 1779 218 1814 bus
239 1777 388 1814 Galliae
410 1776 598 1814 citerioris
617 1776 796 1826 peractis,
818 1776 855 1812 in
870 1776 1066 1826 Illyricum
1087 1777 1301 1827 proficisci-

144 1846 222 1883 tur,
253 1838 355 1888 quod
377 1851 397 1875 a
419 1837 581 1874 Pirustis
609 1837 809 1874 finitimam
829 1845 978 1887 partem
998 1838 1221 1888 provinciae
1241 1839 1298 1876 in-

144 1899 385 1936 cursionibus
405 1898 544 1935 vastari
565 1898 758 1935 audiebat.
814 1897 872 1934 Eo
892 1889 1008 1948 quum
1030 1899 1213 1945 venisset,
1244 1901 1298 1937 ci·

148 1960 330 1997 vitatibus
349 1960 489 1996 milites
509 1959 695 2010 imperat;
716 1966 944 2009 certumque
960 1959 1138 1997 inlocum
1159 1974 1299 1999 conve-

145 2022 228 2059 nire
245 2022 368 2071 jubet.
423 2023 511 2063 Qua
524 2034 565 2057 re
582 2020 777 2065 nunciata,
796 2020 970 2058 Pirustae
986 2021 1132 2071 legatos
1148 2022 1196 2059 ad
1211 2036 1300 2060 eum

141 2084 314 2127 mittunt,
335 2082 399 2132 qui
413 2082 604 2119 doceant:
626 2081 732 2118 Nihil
748 2094 880 2118 earum
896 2094 1023 2118 rerum
1046 2082 1201 2132 publico
1221 2083 1298 2122 Fac-

141 2153 222 2181 tum
243 2144 403 2181 consilio
421 2157 429 2179 :
459 2155 621 2193 seseque
641 2150 794 2194 paratos
826 2155 910 2179 esse
931 2142 1198 2181 demonstrant
1216 2158 1298 2182 om·

140 2206 252 2242 nibus
273 2205 484 2241 rationibus
499 2204 547 2241 de
563 2204 710 2254 injuriis
726 2203 961 2242 satisfacere.
1016 2205 1195 2255 Accepta
1211 2218 1297 2243 ora-

139 2263 245 2299 tione
265 2276 411 2308 eorum,
446 2264 588 2301 Caesar
608 2263 761 2301 obsides
781 2264 959 2315 imperat,
979 2277 1122 2315 eosque
1142 2264 1191 2302 ad
1211 2279 1298 2303 cer-

217 2324 328 2360 ToM.
358 2325 388 2360 l.
705 2324 748 2361 M
777 2328 800 2361 53
