1556 2683
519 231 684 270 LIBER
737 233 806 270 1V.
1198 241 1253 276 83⁴

99 335 214 373 rebus
229 334 430 380 consectis,
448 347 608 385 quarum
624 349 750 374 rerum
767 348 901 374 caussa
916 338 1164 376 transducere
1180 352 1247 377 ex-

98 396 261 434 ercitum
281 396 547 442 constituerat,
583 405 624 435 ut
644 397 850 436 Germanis
880 406 1022 436 metum
1058 399 1249 450 injiceret,

98 465 141 494 ut
161 456 383 507 Sigambros
405 457 668 504 ulcisceretur,
689 467 730 496 ut
755 459 873 497 Ubios
892 461 1092 498 obsidione
1112 462 1249 499 libcra-

97 525 170 563 ret,
190 518 325 556 diebus
338 518 494 556 omnino
515 533 537 556 x
559 527 598 557 et
621 532 680 557 ux
698 531 802 557 trans
826 521 1002 558 Rhenum
1024 523 1248 568 consumtis,

95 579 189 617 satis
208 587 248 616 et
266 580 314 616 ad
334 580 499 626 laudem,
528 588 568 618 et
598 581 646 618 ad
668 581 886 628 utilitatem,
915 583 1130 633 profectum
1150 585 1250 622 arbi-

96 647 233 686 tratus,
252 653 292 678 se
313 641 350 678 in
371 641 536 679 Galliam
557 643 718 693 recepit,
738 651 974 695 pontemque
1003 646 1171 683 rescidit.

148 701 237 739 XX.
293 701 445 752 Exigua
459 711 568 752 parte
585 705 740 742 aestatis
760 705 919 755 reliqua,
940 706 1096 751 Caesar,
1118 707 1190 744 etsi
1209 707 1248 744 in

95 761 154 799 his
172 762 280 807 locis,
309 763 413 813 quod
433 764 555 801 omnis
575 763 703 802 Gallia
717 765 766 802 ad
788 764 1092 815 Septemtriones
1111 767 1250 817 vergit,

95 831 267 861 maturae
287 832 375 861 sunt
395 824 553 869 hiemes,
586 832 715 862 tamen
737 826 773 862 in
798 826 1032 864 Britanniam
1052 827 1248 878 proficisci

95 884 311 929 contendit,
332 885 449 936 quod,
465 886 642 923 omnibus
660 886 742 924 fere
759 887 919 924 Gallicis
935 888 1058 933 bellis,
1076 889 1249 927 hostibus

93 946 235 984 nostris
256 946 344 983 inde
363 946 651 985 subministrata
669 948 812 985 auxilia
831 948 1073 998 intelligebat
1089 964 1098 986 :
1132 958 1183 994 et,
1216 950 1247 987 si

94 1014 246 1057 tempus
280 1006 370 1044 anni
402 1007 450 1044 ad
482 1008 624 1045 bellum
643 1008 855 1058 gerendum
889 1008 1088 1054 deficeret,
1122 1017 1250 1048 tamen

92 1080 234 1118 magno
253 1067 326 1105 sibi
359 1068 443 1106 usui
462 1067 544 1106 fore
574 1069 846 1114 arbitrabatur,
877 1069 907 1106 si
941 1069 1055 1107 modo
1087 1070 1248 1109 insulam

94 1129 250 1175 adisset,
270 1142 392 1180 genus
412 1129 609 1166 hominum
626 1130 899 1180 perspexisset,
919 1129 1018 1174 loca,
1038 1138 1185 1180 portus,
1204 1145 1244 1169 a·

97 1191 199 1229 ditus
215 1191 480 1242 cognovisset:
501 1203 598 1241 quae
615 1192 743 1229 omnia
756 1191 837 1229 fere
853 1191 976 1230 Gallis
992 1200 1100 1229 erant
1115 1192 1250 1243 incog-

94 1253 188 1290 nita.
227 1266 351 1303 neque
372 1253 473 1290 enim
492 1260 638 1291 temere
658 1260 812 1304 praeter
831 1259 1066 1290 mercatores
1086 1253 1151 1291 illo
1170 1254 1251 1292 adit

93 1315 311 1366 quisquam:
349 1328 474 1366 neque
502 1316 546 1353 iis
579 1316 669 1366 ipsis
701 1316 925 1366 quidquam,
956 1323 1110 1366 praeter
1140 1329 1247 1354 oram

97 1377 340 1422 maritimam,
360 1384 476 1427 atque
492 1390 557 1415 eas
571 1377 762 1428 regiones,
783 1390 881 1428 quae
894 1384 982 1414 sunt
1002 1383 1138 1414 contra
1158 1377 1250 1414 (ial-

94 1438 178 1484 lias,
198 1446 333 1476 notum
353 1445 424 1475 est.
470 1438 620 1489 Itaque,
659 1440 827 1476 evocatis
846 1439 894 1476 ad
910 1452 950 1476 se
966 1438 1136 1489 undique
1152 1451 1252 1476 mer-

94 1500 302 1546 catoribus,
323 1512 462 1550 neque,
483 1507 626 1551 quanta
639 1507 739 1538 esset
755 1500 902 1537 insulae
918 1499 1160 1550 magnitudo,
1180 1512 1248 1537 ne-

93 1574 183 1612 que,
218 1573 317 1611 quae
350 1568 417 1597 aut
447 1568 612 1611 quantae
643 1560 817 1598 nationes
849 1559 1078 1604 incolerent,
1107 1571 1250 1610 neque,

95 1635 211 1672 quem
231 1634 341 1659 usum
360 1621 450 1659 belli
470 1622 670 1667 haberent,
691 1629 757 1658 aut
788 1621 924 1671 quibus
944 1619 1129 1657 institutis
1163 1626 1248 1658 ute-

95 1690 242 1729 rentur,
276 1696 416 1734 neque,
438 1683 502 1733 qui
521 1690 649 1720 essent
668 1682 717 1720 ad
736 1684 924 1732 majorum
944 1682 1097 1720 navium
1117 1681 1247 1719 multi-

93 1745 268 1783 tudinem
295 1744 424 1782 idonei
444 1752 589 1795 portus,
621 1744 791 1795 reperire
811 1751 976 1794 poterat.

147 1807 258 1844 XXI.
313 1807 379 1844 Ad
408 1806 506 1844 haec
525 1806 808 1856 cognoscenda.
837 1806 942 1856 prius
962 1818 1076 1856 quam
1097 1804 1251 1856 pericu-

93 1869 173 1906 lum
192 1868 355 1913 faceret,
389 1868 569 1906 idoneum
588 1881 671 1905 esse
691 1867 896 1905 arbitratus
930 1867 974 1904 C.
996 1866 1251 1912 Volusenum,

93 1944 181 1968 cum
211 1930 298 1967 navi
330 1930 446 1980 longa
478 1929 703 1980 praemittit.
758 1928 864 1966 Huic
884 1928 1056 1973 mandat,
1087 1928 1156 1973 uti,
1186 1941 1254 1966 ex-

93 1992 252 2043 ploratis
282 1991 459 2028 omnibus
478 1992 606 2036 rebus,
638 1990 687 2028 ad
706 2003 746 2027 se
766 2003 880 2041 quam
900 1989 1064 2040 primum
1085 1996 1253 2027 reverta-

96 2061 171 2091 tur.
219 2052 322 2103 Ipse,
343 2066 428 2090 cum
450 2052 627 2090 omnibus
647 2051 780 2103 copiis,
812 2052 850 2088 in
884 2050 1060 2088 Morinos
1081 2050 1254 2102 proficis-

97 2114 212 2160 citur,
232 2114 336 2165 quod
351 2113 441 2151 inde
461 2120 545 2151 erat
562 2113 807 2150 brevissimus
825 2113 860 2148 in
878 2113 1116 2150 Britanniam
1132 2120 1255 2150 trans-

90 2177 233 2225 jectus.
261 2175 337 2213 huc
357 2187 471 2212 naves
493 2174 662 2225 undique
683 2188 732 2212 ex
747 2174 918 2211 finitimis
939 2175 1177 2225 regionibus,
1198 2180 1252 2221 et,

97 2248 211 2286 quam
232 2235 429 2286 superiore
444 2243 590 2272 aestate
610 2235 658 2272 ad
680 2234 912 2271 Veneticum
931 2234 1071 2271 bellum
1090 2233 1253 2279 fecerat,

97 2296 259 2335 classem
274 2297 388 2347 jubet
407 2296 627 2334 convenire.
680 2296 858 2341 Interim,
877 2295 1039 2335 consilio
1060 2297 1143 2346 ejus
1163 2308 1254 2346 cog.-
