1556 2683
165 268 192 311 4
446 264 522 302 DE
560 262 740 301 BELLO
779 261 1024 301 GALLICO

164 376 318 409 exeant.
371 368 450 406 Ubi
458 369 537 418 jam
552 380 592 406 se
611 367 660 405 ad
677 380 761 406 eam
780 379 861 404 rem
880 373 1034 418 paratos
1052 377 1135 403 esse
1154 365 1314 404 arbitra-

163 430 195 472 ti
212 436 315 476 sunt,
335 429 475 479 oppida
494 440 562 466 sua
581 428 721 472 omnia,
737 440 897 464 numero
913 427 961 464 ad
976 426 1194 472 duodecim,
1210 427 1316 464 vicos

163 491 214 529 ad
228 491 544 541 quadringentos,
558 490 704 539 reliqua
719 489 864 539 privata
880 488 1066 535 aedificia,
1083 488 1314 525 incendunt:

162 551 396 592 frumentum
414 564 541 595 omne,
558 557 711 601 praeter
725 549 827 600 quod
843 562 974 586 secum
987 549 1174 599 portaturi
1192 555 1315 593 erant,

162 614 413 651 comburunt:
445 620 500 658 ut,
531 612 685 649 domum
705 610 904 649 reditionis
923 622 990 660 spe
1009 610 1171 655 sublata,
1201 622 1316 660 para-

161 675 279 716 tiores
298 675 346 712 ad
366 674 493 712 omnia
507 673 679 724 pericula
693 670 893 709 subeunda
905 678 1032 709 essent
1049 685 1058 707 :
1079 671 1194 708 trium
1209 684 1316 708 men-

162 736 260 773 sium
275 735 408 773 molita
420 734 562 772 cibaria
581 733 650 770 sibi
672 745 864 784 quemque
876 731 990 771 domo
1010 731 1143 769 efferre
1159 733 1315 782 jubent.

161 795 404 835 Persuadent
424 795 623 840 Rauracis,
638 802 675 832 et
690 794 878 844 Tulingis,
893 802 933 831 et
947 793 1182 845 Latobrigis,
1198 794 1314 832 finiti-

160 858 247 905 mis,
260 859 330 903 uti‚
346 857 480 896 eodem
503 858 558 894 usi
579 855 752 901 consilio,
784 856 933 906 oppidis
951 855 1028 894 suis
1056 856 1228 907 vicisque
1248 869 1315 892 ex-

160 918 270 964 ustis,
292 930 368 955 una
386 931 473 955 cum
493 917 538 955 iis
558 916 872 967 proficiscantur:
901 916 1108 966 Boiosque‚
1129 917 1193 967 qui
1210 924 1316 953 trans

159 978 342 1016 Rhenum
363 979 617 1023 incoluerant,
650 984 690 1017 et
710 976 746 1014 in
779 990 913 1028 agrum
948 977 1134 1015 Noricum
1154 977 1315 1014 transie-

158 1047 259 1086 rant,
280 1040 541 1090 Noreiamque
555 1046 837 1090 oppugnarant,
853 1046 1032 1089 receptos
1046 1039 1095 1076 ad
1113 1051 1168 1084 se,
1188 1038 1318 1076 socios

159 1099 231 1138 sibi
260 1100 492 1137 adsciscunt.

212 1160 281 1197 VI.
338 1161 460 1198 Erant
478 1162 634 1199 omnino
660 1161 798 1199 itinera
822 1161 913 1207 duo,
945 1161 1083 1212 quibus
1113 1161 1317 1200 itineribus

159 1222 275 1260 domo
295 1222 402 1259 exire
422 1230 603 1272 possent:
644 1235 760 1258 unum
780 1235 849 1272 per
869 1222 1081 1271 Sequanos,
1109 1232 1315 1272 angustum

159 1290 201 1321 et
221 1282 387 1328 difficile,
402 1282 501 1319 inter
516 1290 687 1320 montem
702 1283 837 1320 Juram
853 1291 891 1320 et
907 1283 1049 1320 flumen
1069 1283 1317 1329 Rhodanum,

158 1345 223 1381 vix
244 1358 317 1395 qua
338 1344 477 1394 singuli
501 1343 598 1381 carri
619 1343 877 1387 ducerentur;
905 1356 1016 1380 mons
1035 1351 1164 1381 autem
1181 1343 1317 1381 altissi-

157 1420 244 1444 mus
259 1405 520 1457 impendebat,
537 1411 579 1442 ut
591 1404 705 1441 facile
718 1404 901 1457 perpauci
915 1405 1120 1454 prohibere
1135 1412 1316 1456 possent:

157 1467 322 1506 alterum
343 1480 410 1518 per
425 1465 661 1517 provinciam
682 1473 864 1511 nostram,
894 1466 1014 1503 multo
1035 1466 1182 1503 facilius
1202 1473 1318 1517 atque

156 1529 395 1579 expeditius;
422 1534 628 1578 propterea
664 1527 766 1578 quod
787 1527 1056 1565 Helvetiorum
1082 1528 1180 1565 inter
1207 1528 1317 1575 fines,

157 1598 198 1628 et
215 1591 486 1640 Allobrogum,
507 1588 570 1639 qui
585 1601 707 1638 nuper
727 1588 855 1638 pacati
875 1596 998 1635 erant,
1018 1589 1230 1626 Rhodanus
1245 1589 1317 1626 flu-

156 1653 201 1699 it,
235 1653 342 1702 isque
363 1650 557 1687 nonnullis
588 1650 682 1687 locis
701 1649 800 1686 vado
834 1650 1029 1687 transitur.
1085 1649 1317 1687 Extremum

157 1713 342 1764 oppidum
369 1711 620 1761 Allobrogum
640 1717 712 1755 est,
732 1711 1028 1761 proximumque
1043 1710 1315 1749 Helvetiorum

158 1775 313 1819 finibuS,
334 1774 508 1810 Geneva.
536 1785 585 1809 ex
600 1784 647 1809 eo
667 1772 810 1822 oppido
830 1785 927 1822 pons
946 1772 994 1809 ad
1011 1772 1214 1810 Helvetios
1228 1785 1316 1823 per-

158 1836 269 1875 tinet.
327 1834 604 1882 Allobrogibus
623 1846 706 1870 sese
726 1834 784 1870 vel
807 1847 1070 1883 pcrsuasuros,
1099 1834 1203 1885 quod
1223 1847 1318 1871 non-

159 1898 251 1935 dum
271 1898 374 1934 bono
393 1896 520 1933 animo
546 1896 583 1931 in
613 1895 797 1945 populum
833 1895 1050 1932 Romanum
1080 1896 1317 1941 viderentur,

158 1959 446 2003 existimabant,
478 1957 537 1994 vel
557 1957 594 1994 vi
613 1965 829 2001 coacturos,
859 1964 901 1993 ut
932 1970 999 2006 per
1019 1971 1108 1994 suos
1132 1957 1232 2008 ³fines
1252 1969 1319 1994 eos

160 2021 215 2058 ire
229 2026 466 2070 paterentur.
505 2018 694 2054 Omnibus
711 2018 824 2054 rebus
843 2017 892 2054 ad
911 2016 1192 2067 profectionem
1209 2030 1315 2054 com-

159 2082 315 2133 paratis,
335 2081 436 2118 diem
451 2080 599 2125 dicunt,
612 2092 688 2130 qua
702 2079 763 2116 die
778 2079 826 2116 ad
842 2079 962 2128 ripam
986 2078 1163 2116 Rhodani
1184 2091 1317 2116 omnes

161 2144 405 2181 conveniant.
435 2143 465 2179 is
485 2142 566 2179 dies
585 2148 681 2186 erat,
700 2154 734 2177 a.
754 2141 791 2178 d.
810 2154 847 2177 v.
866 2140 954 2177 Kal.
976 2141 1072 2192 Apr.
1092 2140 1138 2177 L.
1159 2140 1316 2186 Pisone,

163 2206 214 2242 A.
235 2204 417 2250 Gabinio,
448 2204 555 2241 Coss.

217 2263 307 2300 Vll.
361 2264 515 2301 Caesari
550 2277 665 2314 quum
687 2263 725 2300 id
745 2264 968 2301 nunciatum
999 2271 1115 2309 esset,
1149 2276 1214 2300 cos
1246 2277 1315 2314 per

165 2324 401 2382 provinciam
433 2332 602 2363 nostram
634 2325 708 2363 iter
738 2324 868 2362 facere
901 2325 1045 2371 conari,
1073 2331 1240 2363 maturat
1266 2325 1314 2361 ab
