1556 2683
311 241 385 279 186
590 239 665 277 DE
705 240 884 278 BELLO
923 240 1167 280 GALLICO

310 344 403 390 nita,
441 343 504 395 qui
523 350 612 381 ante
631 350 739 381 erant
767 357 834 395 per
853 357 892 381 se
925 344 1111 390 infideles,
1143 356 1276 382 manus
1307 356 1451 396 cogere

309 412 426 456 atque
445 412 574 455 aperte
592 405 735 442 bellum
764 417 897 455 parare
917 412 1140 455 coeperunt.
1193 405 1290 442 Tum
1312 406 1451 444 Labie·

306 478 392 511 nus,
424 473 530 504 tanta
560 479 687 503 rerum
707 466 1019 505 commutatione,
1039 467 1153 515 longe
1171 465 1273 502 aliud
1292 466 1363 503 sibi
1383 479 1447 504 ca-

304 527 486 578 piendum
508 527 721 572 consilium,
737 534 852 577 atque
864 533 976 564 antea
987 534 1170 573 senserat,
1184 526 1424 576 intelligebat
1439 541 1449 565 :

306 589 537 638 nequejam,
551 595 592 625 ut
607 588 749 638 aliquid
761 587 991 637 acquireret,
1010 587 1233 638 proelioque
1251 589 1379 626 hostes
1394 589 1448 626 la-

310 656 492 693 cesseret,
509 649 577 686 sed
598 656 638 685 ut
654 648 885 686 incolumem
902 648 1114 685 exercitum
1133 649 1376 698 Agendicum
1391 662 1453 686 re·-

305 709 481 755 duceret,
508 709 714 759 cogitabat.
770 709 945 758 Namque
973 709 1092 745 altera
1110 722 1159 746 ex
1178 716 1286 760 parte
1320 709 1446 747 Bello-

303 770 401 816 vasi,
415 783 512 820 quae
530 770 663 807 civitas
683 770 719 806 in
736 769 861 806 Gallia
872 769 1076 806 maximam
1090 769 1206 807 habet
1226 770 1447 820 opin10nem

301 831 466 877 virtutis,
480 832 672 868 instabant
687 847 695 874 ς
711 831 866 868 alteram
881 831 1165 880 Camulogenus
1180 839 1313 881 parato
1326 839 1442 881 atque

302 891 490 929 instructo
517 891 693 929 exercitu
713 891 894 928 tenebat:
923 898 1004 927 tum
1023 890 1195 940 legiones
1214 903 1236 928 a
1254 892 1446 942 praesidio

302 960 419 1002 atque
438 952 722 1002 impedimentis
741 952 966 988 interclusas
986 951 1193 988 maximum
1214 952 1356 989 flumen
1372 953 1448 990 dis-

303 1014 466 1051 tinebat.
521 1012 655 1049 Tantis
675 1012 800 1049 subito
833 1011 1117 1049 difficultatibus
1137 1013 1312 1063 objectis,
1339 1014 1387 1051 ab
1408 1026 1448 1051 a·

300 1075 394 1112 nimi
415 1074 555 1111 virtute
576 1072 758 1110 auxilium
779 1073 986 1122 petendum
1006 1073 1171 1110 videbat.

353 1134 437 1172 LX.
493 1134 629 1184 Itaque
645 1133 714 1170 sub
733 1145 935 1182 vesperum
952 1133 1111 1170 consilio
1136 1141 1361 1181 convocato,
1379 1148 1446 1174 co-

300 1195 490 1241 hortatus,
523 1202 566 1231 ut
595 1207 654 1239 ea,
688 1205 785 1244 quae
819 1193 1055 1243 imperasset,
1084 1194 1288 1244 diligenter
1317 1196 1446 1234 indus-

300 1257 450 1306 trieque
469 1256 793 1299 administrarent,
822 1267 951 1300 naves,
982 1268 1073 1305 quas
1093 1268 1115 1292 a
1136 1255 1348 1294 Meloduno
1381 1258 1448 1295 de-

299 1318 478 1362 duxerat,
495 1317 663 1367 singulas
679 1316 871 1366 equitibus
888 1315 1069 1353 Romanis
1085 1317 1277 1356 attribuit:
1297 1324 1349 1364 et,
1369 1318 1445 1369 pri-

298 1391 358 1416 ma
380 1377 559 1414 confecta
577 1377 719 1427 vigilia,
752 1388 798 1413 ιν
818 1376 935 1413 millia
965 1389 1142 1426 passuum
1176 1379 1346 1416 secundo
1373 1378 1446 1415 flu·

297 1440 403 1478 mine
422 1438 575 1476 silentio
590 1437 784 1488 progredi,
804 1437 933 1487 ibique
949 1451 990 1475 se
1009 1439 1240 1489 exspectari,
1255 1439 1391 1490 jubet:
1413 1451 1442 1476 v

298 1501 493 1545 cohortes,
513 1512 606 1549 quas
622 1498 776 1535 minime
796 1498 922 1535 firmas
941 1498 989 1535 ad
1002 1498 1259 1538 dimicandum
1277 1514 1358 1539 esse
1376 1515 1443 1540 ex-

295 1560 504 1605 istimabat,
537 1558 670 1596 castris
701 1558 891 1609 praesidio
917 1558 1120 1610 relinquit:
1150 1572 1178 1597 v
1196 1563 1366 1611 ejusdem
1389 1563 1443 1602 le-

298 1621 422 1673 gionis
442 1621 606 1671 reliquas
626 1620 674 1657 de
693 1619 819 1656 media
836 1626 951 1656 nocte
971 1633 1056 1657 cum
1078 1622 1252 1660 omnibus
1280 1623 1440 1673 impedi-

294 1682 436 1721 mentis
480 1682 639 1719 adverso
677 1681 835 1718 flumine
871 1693 1011 1731 magno
1048 1683 1212 1721 tumultu
1249 1685 1442 1735 proficisci

297 1745 470 1795 imperat.
527 1742 729 1793 Conquirit
750 1742 865 1779 etlam
877 1742 1035 1780 lintres:
1057 1744 1137 1790 has,
1156 1758 1296 1795 magno
1315 1747 1443 1784 sonitu

297 1818 489 1844 remorum
516 1804 706 1849 incitatas,
739 1803 777 1840 in
800 1803 959 1841 eandem
988 1811 1136 1855 partem
1170 1807 1299 1845 mittit.
1354 1808 1442 1859 Ipse

295 1876 383 1920 post
398 1866 541 1918 paullo,
560 1865 711 1903 silentio
730 1877 906 1914 egressus
926 1878 1013 1903 cum
1036 1878 1085 1903 ιιι
1105 1867 1334 1918 legionibus,
1354 1883 1442 1908 eum

295 1929 422 1968 locum
444 1927 557 1978 petit,
585 1939 660 1977 quo
680 1939 795 1964 naves
813 1926 952 1977 appelli
968 1928 1146 1976 jusserat.

345 1988 452 2026 LXI.
513 1988 570 2025 Eo
590 2001 708 2038 quum
727 1994 828 2025 esset
846 1995 1017 2033 ventum,
1039 1988 1302 2039 exploratores
1321 1991 1440 2029 hosti-

295 2057 428 2096 um,ut
442 2049 544 2087 omni
562 2048 729 2085 fluminis
744 2056 853 2099 parte
868 2057 975 2086 erant
991 2049 1440 2101 dispositi‚inopinantes,

292 2112 397 2164 quod
416 2124 554 2160 magna
573 2109 699 2148 subito
719 2117 801 2147 erat
821 2117 954 2147 coorta
986 2117 1208 2161 tempestas,
1232 2113 1278 2150 ab
1300 2114 1438 2151 nostris

293 2173 584 2224 opprimuntur:
613 2171 820 2216 exercitus,
845 2171 1127 2222 equitatusque,
1147 2173 1338 2223 equitibus
1361 2174 1439 2212 Ro-

291 2234 413 2271 manis
443 2232 810 2278 administrantibus,
839 2244 934 2282 quos
954 2232 988 2269 ei
1008 2234 1165 2283 negotio
1183 2234 1437 2284 praefecerat,

291 2294 470 2335 celeriter
488 2293 775 2339 transmittitur.
830 2292 920 2332 Uno
938 2292 1018 2332 fere
1031 2301 1205 2345 tempore
1217 2296 1288 2333 sub
1307 2296 1433 2335 lucem
