1556 2683
285 238 358 274 144
564 233 639 272 DE
679 233 860 273 BELLO
898 233 1144 273 GALLICO

279 338 382 376 simis
415 338 673 376 crediderunt.
729 338 963 383 Cativolcus‚
996 351 1066 375 rex
1099 336 1279 375 dimidiae
1308 337 1426 388 partis

278 400 519 445 Eburonum,
539 399 604 450 qui
619 412 695 436 una
710 412 796 437 cum
820 399 1046 449 Ambiorige
1060 399 1259 437 consilium
1273 399 1425 445 inierat,

279 469 405 499 aetate
421 463 500 512 jam
522 461 736 506 confectus,
757 474 874 512 quum
893 460 1063 497 laborem
1083 467 1149 498 aut
1166 460 1256 498 belli
1277 467 1342 498 aut
1369 459 1428 497 fu-

278 535 351 572 gae
384 522 483 559 ferre
517 534 594 558 non
619 529 764 572 posset,
795 521 971 558 omnibus
1002 521 1182 571 precibus
1215 521 1428 558 detestatus

279 582 561 631 Ambiorigem,
595 582 659 632 qui
690 584 774 632 ejus
805 581 954 620 consilii
982 591 1118 619 auctor
1145 581 1294 627 fuisset,
1321 589 1430 628 taxo,

278 645 387 693 cujus
407 655 547 693 magna
566 643 604 680 in
625 643 752 680 Gallia
771 643 1057 693 Germaniaque
1077 643 1188 694 copia
1206 649 1279 689 est,
1298 655 1339 680 se
1358 655 1429 680 ex-

279 705 474 742 animavit.

330 765 500 803 XXXII.
555 765 672 815 Segni
695 765 978 816 Condrusique,
1007 779 1056 803 ex
1076 772 1193 816 gente
1212 772 1250 803 et
1270 779 1430 804 numero

279 827 577 872 Germanorum,
611 827 675 877 qui
695 835 783 864 sunt
802 828 902 864 inter
922 826 1126 864 Eburones
1155 826 1429 877 Trevirosque,

275 888 425 937 legatos
444 886 492 924 ad
513 887 717 924 Caesarem
737 887 938 932 miserunt,
959 894 1124 932 oratum,
1152 899 1200 924 ne
1221 899 1261 923 se
1279 886 1319 923 in
1337 887 1425 923 hos-

275 950 370 986 tium
385 961 545 986 numero
560 949 733 995 duceret,
750 961 846 986 neve
862 948 1031 986 omnium
1046 948 1341 993 Germanorum,
1363 948 1428 998 qui

276 1018 403 1048 essent
432 1009 528 1047 citra
555 1009 748 1054 Rhenum,
769 1023 883 1046 unam
910 1022 993 1046 esse
1022 1020 1194 1047 caussam
1210 1008 1426 1058 judicaret:

274 1073 368 1110 nihil
396 1085 436 1110 se
453 1072 501 1109 de
520 1072 623 1110 bello
643 1071 885 1122 cogitavisse,
905 1071 1009 1108 nulla
1036 1069 1252 1120 Ambiorigi
1285 1069 1429 1107 auxilia

274 1134 439 1171 misisse.
492 1134 646 1179 Cacsar,
663 1133 864 1183 explorata
877 1145 918 1169 re
939 1132 1162 1182 quaestione
1176 1130 1430 1181 captivorum,

274 1195 306 1232 si
327 1195 391 1245 qui
412 1196 461 1232 ad
480 1208 545 1232 eos
580 1194 781 1232 Eburones
801 1207 851 1231 ex
883 1193 975 1243 fuga
1007 1192 1290 1238 convenissent,
1317 1192 1367 1230 ad
1386 1204 1428 1229 se

274 1264 318 1294 ut
336 1257 629 1302 reducerentur,
650 1256 875 1306 imperavit:
904 1255 935 1292 si
954 1255 1008 1292 ita
1025 1255 1221 1301 fecissent,
1249 1254 1345 1292 fines
1365 1268 1429 1293 eo-

273 1331 357 1354 rum
378 1331 418 1354 se
438 1318 681 1362 violaturum,
702 1318 868 1367 negavit.
924 1316 1024 1353 Tum
1044 1316 1165 1367 copiis
1184 1316 1224 1353 in
1245 1323 1323 1354 tres
1343 1329 1430 1367 par-

271 1387 330 1417 tes
350 1379 576 1424 distributis,
596 1379 872 1429 impedimenta
885 1378 1054 1415 omnium
1069 1376 1265 1428 legionum
1286 1378 1422 1415 Adua-

274 1447 404 1478 tucam
426 1441 602 1478 contulit.
656 1439 701 1476 Id
722 1439 867 1477 castelli
882 1452 1022 1477 nomen
1042 1445 1112 1477 est.
1159 1438 1250 1476 Hoc
1268 1438 1351 1476 fere
1371 1447 1432 1476 est

275 1502 313 1539 in
335 1503 470 1540 mediis
487 1502 713 1540 Eburonum
726 1501 879 1547 finibus,
900 1501 964 1538 ubi
982 1500 1152 1537 Titurius
1165 1507 1282 1551 atque
1298 1501 1431 1538 Arun-

276 1564 423 1601 culeius
449 1563 643 1601 hiemandi
675 1575 811 1600 caussa
843 1561 1109 1600 consederant.
1163 1561 1283 1599 Hunc
1310 1575 1429 1612 quum

275 1625 431 1676 reliquis
451 1626 565 1662 rebus
594 1625 721 1662 locum
741 1625 943 1675 probabat,
973 1631 1069 1669 tum,
1098 1623 1201 1674 quod
1221 1624 1428 1674 superioris

274 1687 364 1725 anni
385 1687 616 1724 munitiones
636 1687 810 1737 integrae
830 1686 1050 1731 manebant,
1078 1692 1120 1722 ut
1139 1685 1302 1722 militum
1322 1686 1429 1724 labo-

276 1762 355 1786 rem
396 1749 626 1786 sublevaret.
682 1747 880 1786 Praesidio
917 1747 1200 1797 impedimentis
1236 1747 1431 1798 legionem

277 1820 352 1846 xiv
372 1808 539 1859 reliquit,
560 1821 674 1846 unam
695 1821 744 1845 ex
761 1808 805 1845 iis
821 1820 888 1854 111,
909 1821 1016 1859 quas,
1037 1807 1213 1858 proxime
1233 1808 1431 1859 conscrip-

276 1877 349 1916 tas,
377 1883 426 1906 ex
445 1869 559 1907 Italia
577 1864 861 1907 transduxerat.
917 1869 964 1906 Ei
984 1869 1127 1919 legioni
1147 1870 1359 1920 castrisque
1380 1871 1429 1912 Q.

278 1931 448 1969 Tullium
468 1931 697 1968 Ciceronem
713 1931 901 1982 praeficit,
921 1931 1186 1981 ducentosque
1206 1931 1356 1983 equites
1374 1939 1432 1969 at-

275 1992 423 2030 tribuit.

327 2053 519 2090 XXXIII.
574 2053 722 2091 Partito
743 2053 932 2099 exercitu,
965 2053 1010 2090 T.
1030 2053 1244 2092 Labienum
1261 2067 1348 2092 cum
1373 2053 1429 2091 lc-

276 2115 454 2165 gionibus
476 2126 527 2151 111
557 2115 606 2152 ad
625 2128 812 2152 oceanum
843 2128 975 2152 versus
994 2114 1032 2152 in
1063 2127 1127 2153 eas
1157 2122 1298 2167 parteS‚
1332 2128 1432 2166 quae

277 2176 484 2226 Menapios
511 2176 720 2226 attingunt,
753 2176 944 2227 proficisci
960 2177 1098 2227 jubet:
1128 2177 1172 2215 C.
1194 2177 1432 2215 Trebonium

278 2249 366 2274 cum
388 2238 468 2286 pari
500 2237 694 2287 legionum
726 2249 886 2274 numero
906 2236 954 2274 ad
985 2249 1068 2273 eam
1089 2236 1302 2286 regionem,
1332 2248 1431 2288 quae

277 2297 497 2335 Aduatucis
527 2297 694 2351 adjacet,
722 2297 1030 2350 depopulandam
1062 2297 1206 2335 mittit:
1234 2297 1315 2349 ipse
1343 2310 1429 2335 cum
