1556 2683
290 207 341 244 94·
575 205 650 243 DE
688 204 867 244 BELLO
906 205 1150 245 GALLICO

287 314 364 345 tam
384 307 485 345 diem
506 308 645 346 adduci
660 309 797 358 jubet;
824 309 895 346 nisi
925 308 979 346 ita
1009 308 1186 354 fecerint,
1215 321 1298 347 sese
1328 309 1430 347 bello

289 368 482 406 civitatem
507 378 799 420 persecuturum
831 370 1081 407 demonstrat.
1148 369 1222 406 His
1251 370 1300 407 ad
1331 371 1431 407 diem

287 430 478 476 adductis,
507 439 548 467 ut
568 430 834 480 imperaverat,
859 430 1022 467 arbitros
1042 430 1141 468 inter
1160 431 1332 468 civitates
1352 431 1432 477 dat,

289 489 354 540 qui
373 490 478 527 litem
499 491 715 536 aestiment,
735 503 975 542 poenamque
996 491 1242 528 constituant.

339 550 392 587 ΙΙ.
446 551 519 587 His
540 552 727 589 confectis
746 552 874 597 rebus,
904 552 1234 602 conventibusque
1252 551 1433 602 peractis,

287 612 325 648 in
346 612 563 650 citeriorem
584 612 748 650 Galliam
766 613 984 658 revertitur,
1014 621 1128 663 atque
1148 613 1236 650 inde
1256 613 1304 650 ad
1323 626 1433 650 exer-

287 672 405 710 citum
425 674 692 724 proficiscitur.
746 674 805 711 Eo
824 687 940 724 quum
961 674 1140 718 venisset,
1161 673 1330 711 circuitis
1350 687 1430 711 om-

286 733 399 770 nibus
431 734 614 779 hibernis,
644 734 827 784 singulari
858 734 1021 771 militum
1054 734 1195 779 studio,
1228 734 1266 770 in
1286 747 1433 771 summa

283 794 456 831 omnium
476 808 601 833 rerum
622 795 763 845 inopia,
791 795 945 832 circiter
965 806 1016 831 Dc
1037 797 1119 845 ejus
1137 795 1301 845 generiS,
1321 796 1431 844 cujus

286 866 402 903 supra
421 855 777 900 demonstravimus,
796 868 926 901 naves,
945 862 986 892 et
1003 855 1136 905 longas
1149 866 1268 891 xxnx
1288 855 1434 892 invenit

287 915 507 962 instructas,
541 929 666 966 neque
686 917 848 953 multum
868 917 1000 954 abesse
1020 916 1066 953 ab
1087 928 1148 960 eo,
1182 909 1272 965 quin
1305 915 1436 966 paucis

288 976 423 1013 diebus
444 977 584 1014 deduci
603 984 771 1028 possent.
837 977 1074 1015 Collaudatis
1093 977 1289 1023 militibus,
1318 984 1434 1028 atque

287 1037 348 1082 iis,
369 1037 432 1087 qui
454 1037 612 1087 negotio
633 1037 893 1088 praefuerant,
914 1038 1006 1089 quid
1025 1038 1108 1075 fieri
1127 1037 1232 1083 velit,
1253 1038 1436 1084 ostendit,

286 1105 403 1148 atque
423 1111 555 1135 omnes
574 1099 623 1136 ad
655 1109 809 1149 portum
830 1099 945 1136 Itium
965 1099 1172 1136 convenire
1187 1099 1301 1148 jubet
1321 1113 1329 1136 ε
1357 1113 1434 1149 quo

287 1172 335 1196 ex
356 1167 470 1210 portu
490 1160 841 1197 commodissimum
860 1161 899 1196 in
920 1161 1157 1198 Britanniam
1183 1162 1435 1210 transjectum

287 1232 372 1257 esse
393 1229 642 1269 cognoverat,
663 1221 817 1258 circiter
836 1222 995 1259 millium
1015 1234 1194 1271 passuum
1214 1234 1295 1258 xxx
1315 1229 1436 1259 trans-

286 1281 442 1317 missum
462 1293 484 1317 a
503 1281 730 1317 continenti.
784 1281 890 1317 Huic
910 1282 965 1318 rei
982 1281 1085 1331 quod
1105 1281 1195 1318 satis
1215 1294 1298 1319 esse
1314 1282 1434 1319 visum

287 1348 346 1378 est
364 1341 542 1386 militum,
563 1341 742 1391 reliquit:
776 1341 856 1391 ipse
877 1355 963 1378 cum
996 1341 1211 1391 legionibus
1243 1343 1434 1392 expeditis

285 1413 347 1445 lv,
374 1408 414 1438 et
432 1401 625 1451 equitibus
645 1413 762 1446 Dccc,
791 1401 829 1437 in
845 1401 939 1437 fines
955 1401 1200 1438 Trevirorum
1220 1402 1433 1452 proficisci-

285 1471 370 1499 tur:
399 1462 502 1512 quod
522 1462 560 1498 hi
581 1475 705 1512 neque
725 1462 774 1498 ad
793 1461 953 1499 consilia
972 1462 1188 1508 veniebant,
1221 1475 1346 1512 neque
1366 1463 1434 1500 im-

284 1522 392 1572 perio
411 1523 613 1572 parebant,
646 1521 937 1571 Germanosque
958 1521 1274 1558 Transrhenanos
1294 1521 1434 1559 sollici-

284 1591 368 1622 tare
387 1583 628 1621 dicebantur.

337 1645 412 1681 111.
466 1644 579 1682 Haec
599 1645 732 1683 civitas
761 1645 876 1694 longe
908 1644 1113 1695 plurimum
1146 1645 1262 1682 totius
1284 1644 1435 1682 Galliae

286 1706 461 1756 equitatu
475 1706 589 1751 valet,
604 1719 839 1756 magnasque
853 1706 968 1743 habet
983 1706 1112 1756 copias
1126 1705 1312 1755 peditum,
1331 1706 1434 1743 Rhe-

284 1780 468 1818 numque,
487 1774 530 1803 ut
549 1779 664 1817 supra
684 1766 1040 1811 demonstravimus,
1062 1765 1197 1815 tangit.
1252 1766 1296 1802 ln
1317 1779 1360 1804 ca
1381 1767 1434 1804 ci-

284 1828 402 1865 vitate
422 1828 499 1865 duo
519 1828 566 1864 de
588 1828 802 1878 principatu
824 1827 922 1864 inter
938 1840 977 1864 se
994 1826 1294 1872 contendebant,
1316 1827 1432 1864 Indu-

286 1888 476 1925 ciomarus
496 1896 535 1925 et
554 1888 782 1937 Cingetorix
799 1902 807 1925 ε
834 1902 882 1925 ex
903 1888 1039 1938 quibus
1058 1888 1167 1933 alter,
1186 1887 1296 1924 simul
1317 1895 1434 1938 atque

287 1949 335 1986 de
357 1950 531 1987 Caesaris
563 1949 836 1999 legionumque
856 1949 1023 1986 adventu
1052 1948 1248 1997 cognitum
1279 1957 1349 1994 est,
1386 1949 1435 1986 ad

286 2022 374 2046 eum
394 2009 520 2053 venit;
547 2023 587 2046 se
606 2022 771 2060 suosque
804 2022 937 2046 omnes
956 2009 994 2046 in
1014 2009 1138 2046 officio
1170 2008 1333 2054 futuros,
1366 2023 1432 2047 ne-

285 2083 361 2120 que
380 2070 426 2107 ab
447 2069 615 2107 amicitia
632 2070 764 2120 populi
786 2070 948 2107 Romani
969 2070 1201 2113 defeeturos,
1231 2070 1433 2106 confirma-

283 2131 339 2168 vit
356 2147 364 2174 ;
384 2144 559 2182 quaeque
581 2131 618 2167 in
635 2130 801 2168 Treviris
814 2139 1041 2180 gererentur
1061 2130 1240 2167 ostendit.
1296 2131 1350 2167 At
1369 2131 1433 2167 ln-

286 2193 529 2230 duciomarus
550 2192 761 2242 equitatum
794 2192 1083 2242 peditatumque
1104 2204 1268 2240 cogere3
1296 2191 1432 2241 iisque,

286 2254 350 2304 qui
371 2267 440 2304 per
459 2261 623 2292 aetatem
645 2253 682 2290 in
701 2255 815 2290 armis
835 2265 917 2290 esse
937 2266 1012 2290 non
1032 2259 1222 2303 poterant,
1244 2251 1281 2288 in
1301 2251 1437 2288 silvam
