1556 2683
561 203 726 242 LIBER
780 203 869 242 VII.
1208 209 1284 247 189

144 311 241 353 tatu,
262 319 375 358 quern
407 313 496 344 ante
520 306 712 354 habuerit,
744 320 785 345 se
816 307 898 345 sore
919 314 1143 346 contentum
1175 309 1283 355 dicit,

146 379 272 417 neque
291 367 482 404 fortunam
498 373 747 412 tentaturum,
767 373 833 404 aut
846 367 883 403 in
898 367 980 404 acie
993 367 1258 405 dimicaturum
1272 382 1283 404 ι

148 427 230 472 sed,
259 427 437 477 quoniam
457 428 626 465 abundet
651 428 837 478 equitatu,
866 427 1046 478 perfacile
1063 441 1145 465 csse
1163 428 1283 474 factu,

144 486 504 526 frumentationibus
533 488 915 538 pabulationibusque
936 488 1130 526 Romanos
1154 488 1284 539 prohi-

147 548 254 594 bere,
285 561 409 598 aequo
429 549 542 586 modo
561 549 686 586 animo
706 561 776 586 sua
797 549 867 599 ipsi
894 548 1085 586 frumenta
1114 562 1286 586 corrum-

145 617 251 660 pant,
271 610 521 660 acdificiaque
540 610 773 653 incendant;
811 622 886 660 qua
915 611 967 648 rei
996 609 1188 647 familiaris
1203 611 1286 659 jac-

146 677 234 707 tura
260 677 486 720 perpetuum
515 670 728 721 imperium,
759 670 1064 722 libertatemque,
1091 684 1132 709 se
1151 683 1286 709 conse-

143 731 209 781 qui
227 731 394 768 videant.
461 731 532 768 His
563 731 779 769 constitutis
809 732 936 777 rebus,
970 733 1131 778 Aeduis,
1165 732 1286 782 Segu-

144 792 351 843 siauisque,
381 792 444 842 qui
477 799 565 829 sunt
596 791 745 829 finitimi
769 792 1003 842 provinciae,
1033 804 1059 829 x
1077 793 1193 830 millia
1221 806 1287 844 pe-

141 852 262 890 ditum
282 852 464 903 imperat:
493 852 570 890 huc
588 852 694 889 addit
722 852 869 902 equites
901 862 1018 889 Dccc.
1071 852 1146 889 His
1177 865 1286 903 prae-

146 913 227 951 ficit
257 913 413 951 fratrem
440 913 716 963 Eporedirigis‚
756 913 976 964 bellumque
1006 913 1146 951 inferre
1178 914 1285 952 Allo-

144 973 328 1023 brogibus
345 974 468 1022 jubet.
522 972 659 1010 Altera
678 985 727 1010 ex
754 979 863 1024 parte
883 973 1051 1011 Gabalos
1071 974 1285 1024 proximos-

145 1047 220 1084 que
253 1047 372 1084 pagos
404 1035 668 1071 Arvernorum
699 1034 737 1070 in
767 1034 943 1080 Helvios,
986 1034 1076 1072 item
1113 1035 1288 1074 Rutenos

149 1095 423 1146 Cadurcosque
448 1096 497 1133 ad
515 1095 609 1132 fines
641 1094 846 1132 Volcarum
874 1095 1190 1133 Arecomicorum
1220 1097 1287 1134 de-

141 1156 393 1207 populandos,
412 1156 540 1194 mittit.
595 1155 726 1193 Nihilo
740 1156 864 1192 minus
883 1155 1129 1193 clandestinis
1148 1157 1284 1194 nunci-

141 1217 173 1253 is
192 1217 525 1268 legationibusque
542 1217 774 1266 Allobrogas
787 1216 980 1262 sollicitat,
1002 1229 1164 1267 quorum
1178 1230 1287 1254 men-

143 1284 202 1315 tes
215 1278 383 1316 nondum
396 1279 443 1315 ab
457 1278 653 1329 superiore
667 1278 768 1316 bello
784 1277 969 1315 resedisse
984 1278 1172 1328 sperabat.
1201 1278 1287 1315 Ho-

142 1352 225 1376 rum
245 1339 481 1390 principibus
511 1339 709 1390 pecunias,
748 1338 894 1376 civitati
924 1346 1051 1376 autem
1083 1338 1285 1389 imperium

141 1400 258 1438 totius
278 1401 512 1450 provinciae,
532 1400 749 1451 pollicetur.

195 1460 319 1497 LXV.
374 1461 439 1498 Ad
457 1461 527 1499 hos
546 1474 677 1499 omnes
696 1473 806 1499 casus
833 1461 985 1512 provisa
1014 1468 1123 1499 erant
1140 1463 1286 1513 praesi-

144 1521 207 1559 dia
225 1521 440 1559 cohortium
460 1522 621 1560 duarum
640 1529 680 1559 et
698 1522 846 1573 viginti,
867 1536 979 1573 quae,
1004 1535 1054 1560 ex
1075 1523 1155 1573 ipsa
1174 1536 1288 1562 coac·

144 1590 184 1621 ta
202 1583 413 1634 provincia,
442 1584 489 1621 ab
522 1584 569 1622 L.
590 1584 754 1622 Caesare
783 1584 911 1634 legato
931 1583 979 1621 ad
999 1597 1131 1621 omnes
1159 1592 1287 1636 partes

145 1644 450 1695 opponebantur.
486 1644 631 1691 Helvii,
651 1658 719 1682 sua
733 1652 868 1695 sponte
889 1658 975 1682 cum
992 1644 1160 1682 finitimis
1175 1658 1287 1695 proe-

144 1706 196 1743 lio
210 1705 418 1755 congressi,
433 1706 642 1756 pelluntur,
656 1713 709 1751 et,
725 1705 770 1744 C.
783 1705 938 1743 Valerio
954 1706 1196 1751 Donotauro‚
1213 1705 1285 1744 Ca-

143 1767 228 1804 buri
248 1766 339 1812 filio,
358 1765 532 1817 principe
552 1766 728 1811 civitatis,
760 1766 1096 1817 compluribusque
1129 1767 1210 1803 aliis
1230 1767 1286 1804 in-

143 1827 329 1873 terfectis,
355 1827 455 1865 intra
470 1828 611 1878 oppida
624 1840 830 1878 murosque
843 1828 1139 1877 compelluntur.
1178 1828 1287 1866 Allo·

143 1890 297 1939 broges,
331 1888 475 1925 crebris
505 1888 553 1925 ad
586 1888 817 1926 Rhodanum
849 1888 1041 1938 dispositis
1073 1889 1285 1939 praesidiis,

142 1963 281 2001 magna
300 1964 386 1988 cum
407 1963 500 1988 cura
527 1958 566 1987 et
585 1949 783 2000 diligentia
800 1962 888 1987 suos
906 1956 1074 1986 tuentur.
1129 1949 1285 1996 Caesar,

143 2012 247 2062 quod
267 2012 397 2048 hostes
416 2011 589 2061 equitatu
608 2011 824 2061 superiores
843 2024 926 2048 esse
945 2010 1197 2060 intelligebat,
1231 2018 1285 2057 et,

143 2072 359 2110 interclusis
392 2072 568 2109 omnibus
599 2071 812 2118 itineribus,
840 2071 943 2108 nulla
962 2084 1002 2108 re
1022 2083 1072 2107 ex
1090 2071 1289 2121 provincia

143 2139 258 2181 atque
278 2131 390 2169 Italia
407 2131 594 2169 sublevari
610 2140 774 2182 poterat,
803 2140 907 2169 trans
928 2131 1107 2168 Rhenum
1127 2130 1165 2167 in
1185 2130 1284 2168 Ger-

142 2192 306 2229 maniam
325 2192 443 2230 mittit
461 2193 509 2230 ad
525 2205 588 2230 eas
607 2193 795 2239 civitates,
828 2206 920 2243 quas
938 2191 1197 2242 superioribus
1216 2204 1283 2229 an-

140 2253 198 2292 nis
218 2261 421 2304 pacaverat
438 2270 447 2300 ;
479 2255 704 2306 equitesque
723 2255 771 2293 ab
790 2254 849 2293 his
868 2254 1039 2301 arcessit,
1057 2261 1096 2292 et
1114 2253 1206 2292 levis
1226 2266 1284 2291 ar-
