1556 2683
535 303 699 341 LIBER
754 303 864 342 VIII.
1194 311 1265 346 ‘211

127 407 275 453 statuit,
304 420 379 458 quo
400 406 562 444 celerius
589 407 723 453 hostis,
751 415 947 447 contemta
966 421 1119 447 suorum
1139 411 1269 461 pauci-

122 476 218 514 tate,
246 469 414 519 prodiret
430 468 467 504 in
483 468 621 506 aciem:
642 469 843 519 singularis
863 470 964 507 enim
981 470 1130 508 virtutis
1144 478 1270 508 veter-

122 531 234 568 rimas
253 530 424 580 legiones
445 542 522 575 vn,
547 541 620 575 11x,
649 538 687 567 ct
707 542 764 576 lx,
785 531 964 577 habebat,
998 544 1168 569 summae
1188 532 1269 582 spei

121 593 373 642 delectaeque
397 592 609 641 juventutis
640 604 697 637 xi,
725 605 837 642 quae,
866 599 1002 630 octavo
1017 594 1097 642 jam
1126 593 1270 644 stipen-

122 653 186 690 dio
222 653 368 698 functa,
396 660 539 698 tamen,
577 652 780 690 collatione
814 653 1059 703 reliquarum,
1097 654 1271 691 nondum

121 714 284 751 eandem
316 714 516 750 vetustatis
536 726 580 750 ac
599 713 749 750 virtutis
769 721 925 764 ceperat
944 715 1177 765 opinionem.
1231 716 1268 752 I-

122 783 252 825 taque,
279 774 442 812 concilio
460 774 662 819 advocato,
682 775 796 811 rebus
817 775 874 820 iis,
903 788 1001 825 quae
1021 776 1069 813 ad
1082 790 1122 814 se
1142 786 1271 815 essent

120 836 283 881 delatae,
312 835 486 872 omnibus
501 835 697 886 expositis,
726 835 872 872 animos
891 837 1148 876 multitudinis
1176 852 1269 877 con·

121 898 259 934 firmat.
316 896 355 934 Si
375 896 473 934 forto
492 896 621 933 hostes
652 908 701 932 111
732 896 927 946 legionum
957 911 1118 936 numero
1137 907 1268 950 posset

119 959 259 996 elicere
279 957 327 994 ad
347 956 620 1002 dimicandum,
649 957 810 1007 agminis
837 957 1011 995 ordinem
1042 958 1094 996 ita
1127 960 1269 997 consti-

120 1019 209 1065 tuit,
237 1025 279 1056 ut
306 1018 407 1067 legio
439 1030 516 1060 vu,
553 1030 628 1062 ux,
659 1030 703 1055 lx
722 1025 812 1055 ante
831 1019 959 1056 omnia
977 1019 1077 1057 irent
1109 1020 1270 1072 impedi-

119 1086 272 1122 menta3
322 1079 462 1116 deinde
512 1078 681 1116 omnium
732 1078 1093 1129 impedimentorum
1130 1093 1270 1130 agmen

125 1140 250 1192 (quod
270 1147 397 1177 tamen
418 1146 500 1177 erat
519 1138 727 1183 mediocre,
757 1146 798 1176 ut
818 1139 855 1175 in
875 1139 1189 1189 expeditionibus
1209 1154 1268 1179 es-

119 1213 160 1238 se
181 1200 401 1251 consuevit)
426 1207 583 1250 cogeret
597 1211 654 1244 xl,
674 1211 723 1236 ne
741 1198 895 1248 majoris
910 1199 1165 1250 multitudinis
1184 1214 1269 1252 spe-

118 1261 198 1300 cies
217 1261 393 1298 accidere
426 1261 599 1298 hostibus
620 1266 763 1310 posset,
790 1272 904 1310 quam
934 1259 1005 1310 ipsi
1024 1259 1270 1311 depoposcis-

118 1329 217 1361 sent.
272 1322 361 1359 Hac
389 1321 537 1358 ratione
565 1333 687 1371 paene
722 1319 908 1371 quadrato
935 1320 1087 1369 agmine
1107 1321 1269 1360 instruc-

118 1391 173 1430 to,
206 1384 244 1421 in
265 1389 512 1433 conspectum
545 1382 713 1419 hostium
741 1381 904 1419 celerius
923 1381 1103 1432 opinione
1135 1395 1269 1420 eorum

120 1444 335 1482 exercitum
356 1444 526 1481 adducit.

170 1506 241 1543 IX.
297 1507 424 1548 Quum
453 1513 613 1556 repente
633 1505 839 1542 instructas
870 1505 1033 1543 velut'in
1056 1506 1140 1544 acie
1159 1514 1267 1544 certo

119 1567 240 1617 gradu
272 1567 445 1617 legiones
465 1566 651 1604 accedere
678 1565 780 1603 Galli
809 1565 997 1612 viderent,
1030 1581 1192 1618 quorum
1226 1580 1266 1605 e-

118 1635 204 1665 rant
224 1627 273 1664 ad
292 1627 495 1665 Caesarem
515 1627 630 1677 plena
647 1626 812 1663 fiduciae
832 1626 990 1663 consilia
1004 1627 1165 1677 perlata,
1185 1627 1266 1665 sive

118 1689 337 1726 certaminis
355 1688 542 1738 periculo,
571 1688 648 1725 sive
664 1687 792 1724 subito
812 1687 993 1734 adventu,
1016 1700 1084 1725 seu
1103 1700 1268 1740 exspec-

115 1749 264 1787 tatione
293 1749 412 1787 nostri
445 1749 607 1795 consilii,
646 1748 776 1799 copias
810 1747 1004 1785 instruunt
1030 1761 1100 1800 pro
1120 1750 1268 1796 castris,

118 1823 192 1849 nec
210 1811 298 1848 loco
317 1810 513 1861 superiore
543 1810 750 1848 decedunt.
805 1810 960 1857 Caesar,
994 1811 1065 1848 etsi
1085 1810 1268 1848 dimicare

118 1879 330 1922 optaverat,
371 1879 514 1916 tamen,
552 1871 761 1908 admiratus
798 1878 944 1908 tantam
982 1871 1265 1909 multitudinem

116 1933 299 1978 hostium,
334 1932 429 1970 valle
448 1932 676 1977 intermissa,
706 1931 828 1983 magis
857 1931 895 1967 in
927 1931 1168 1970 altitudinem
1200 1933 1266 1969 de-

116 2007 260 2045 pressa,
281 2006 394 2044 quam
415 1994 490 2031 late
509 2000 681 2044 patente,
702 2000 827 2031 castra
840 1992 973 2030 castris
987 1993 1155 2030 hostium
1175 2005 1267 2031 con·

116 2055 204 2093 fert.
249 2054 361 2093 Haec
380 2055 542 2105 imperat
560 2053 659 2091 vallo
675 2053 817 2105 pedum
836 2066 896 2091 xu
919 2053 1071 2097 muniri,
1093 2054 1264 2092 coronis-

119 2129 194 2167 que
207 2116 406 2153 loriculam
426 2129 495 2166 pro
515 2115 660 2153 ratione
679 2116 761 2164 ejus
780 2115 992 2152 altitudinis
1008 2115 1268 2159 inaedificari;

119 2178 260 2215 fossam
290 2177 498 2228 duplicem,
531 2176 672 2227 pedum
700 2175 857 2227 quinum
894 2176 1049 2221 denum,
1085 2176 1268 2214 lateribus

121 2237 293 2283 directis,
321 2238 508 2290 deprimi;
535 2244 659 2274 turres
688 2237 840 2275 crebras
860 2237 1021 2275 excitari
1040 2237 1077 2273 in
1097 2237 1267 2275 altitudi-

122 2312 209 2336 nem
235 2313 283 2336 111
305 2299 577 2344 tabulatorum,
605 2298 785 2350 pontibus
812 2300 1027 2349 transjectis
1047 2298 1267 2336 constratis-

117 2373 195 2412 que
215 2360 412 2413 conjungi,
441 2373 604 2412 quorum
622 2359 771 2398 frontes
784 2359 948 2398 viminea
965 2359 1125 2398 loricula
1142 2360 1266 2398 muni-
