1556 2683
280 237 352 275 158
557 235 631 273 DE
671 235 863 273 BELLO·
889 234 1133 274 GALLICO

280 339 460 384 incensis,
480 339 713 385 intromittit,
743 346 859 390 atque
879 339 1018 389 oppido
1037 338 1195 388 potitur,
1215 337 1414 389 perpaucis

280 412 329 437 ex
349 400 515 437 hostium
535 413 692 437 numero
711 399 948 444 desideratis,
985 399 1075 449 quin
1103 399 1233 436 cuncti
1252 399 1326 435 vivi
1355 410 1417 436 ca-

275 468 473 510 perentur,
494 462 595 512 quod
616 461 742 511 pontis
757 468 872 510 atque
887 460 1064 497 itinerum
1078 459 1276 509 angustiae
1290 459 1417 496 multi-

277 521 399 558 tudini
418 522 549 572 fugam
569 522 874 559 intercluserant.
927 519 1123 571 Oppidum
1139 520 1282 570 diripit,
1301 527 1417 569 atque

277 581 462 627 incendit,
492 583 672 632 praedam
708 582 891 619 militibus
927 582 1065 618 donat:
1103 580 1317 617 exercitum
1353 579 1419 615 Li-

277 642 398 691 gerim
431 643 656 689 transducit,
690 650 805 692 atque
824 642 861 678 in
882 641 1097 691 Biturigum
1116 641 1211 678 fines
1229 639 1415 691 pervenit.

329 703 420 741 XII.
472 703 783 753 Vercingetorix,
804 703 868 740 ubi
888 703 935 740 de
950 702 1123 740 Caesaris
1139 702 1306 739 adventu
1325 714 1416 751 cog-

276 764 395 810 novit,
429 765 715 815 oppugnatione
745 763 905 808 destitit,
936 770 1050 813 atque
1082 762 1229 799 obviam
1265 761 1419 799 Caesari

277 823 545 872 proficiscitur.
598 824 669 860 Ille
688 823 870 874 oppidum
906 822 1161 872 [Biturigum‚
1192 822 1359 872 positum
1378 821 1418 858 in

276 883 360 932 via]
400 884 670 921 Noviodunum
704 896 925 934 oppugnare
958 883 1186 920 instituerat.
1250 884 1336 925 Quo
1368 894 1418 918 ex

278 943 420 994 oppido
439 958 555 994 quum
575 944 691 994 legati
710 945 758 981 ad
776 957 864 981 eum
879 942 1085 987 venissent,
1105 949 1267 988 oratum,
1287 949 1328 978 ut
1347 940 1419 978 sibi

278 1004 512 1054 ignosceret,
532 1018 698 1056 suaeque
711 1005 811 1042 vitae
830 1004 1071 1047 consuleret;
1091 1010 1133 1039 ut
1149 1003 1345 1040 celeritate
1361 1013 1420 1038 re-

277 1063 399 1114 liquas
419 1077 479 1101 res
498 1065 721 1111 conficeret,
749 1078 824 1115 qua
853 1065 1034 1114 pleraque
1064 1071 1146 1100 erat
1175 1069 1420 1108 consecutuS,

275 1137 380 1161 arma
411 1125 587 1174 proferri,
619 1138 738 1176 equos
771 1126 943 1176 produci,
980 1124 1132 1162 obsides
1164 1124 1261 1169 dari,
1294 1123 1417 1173 jubet.

276 1184 391 1223 Parte
407 1188 484 1236 jam
505 1187 679 1224 obsidum
699 1187 852 1232 tradita,
879 1199 995 1237 quum
1014 1186 1161 1236 reliqua
1179 1185 1418 1222 administra·

275 1253 422 1290 rentur,
453 1247 741 1285 centurionibus
761 1254 799 1285 et
817 1246 950 1297 paucis
968 1246 1152 1283 militibus
1180 1245 1417 1292 intromissis,

275 1306 339 1356 qui
360 1319 463 1343 arma
478 1308 729 1357 jumentaque
745 1307 1030 1357 conquirerent,
1046 1307 1237 1357 equitatus
1251 1306 1419 1344 hostium

274 1368 409 1417 procul
430 1368 530 1404 visus
550 1375 621 1413 est,
650 1368 714 1418 qui
734 1380 871 1418 agmen
891 1367 1219 1418 Vercingetorigis
1246 1374 1420 1405 anteces-

274 1435 390 1464 serat.
443 1429 566 1470 Quem
588 1429 826 1479 simulatque
846 1429 1028 1479 oppidani
1044 1435 1342 1478 conspexerunt,
1363 1435 1421 1466 at-

276 1502 351 1538 que
371 1489 406 1525 in
427 1502 534 1540 spem
554 1490 684 1527 auxilii
709 1498 910 1536 venerunt,
931 1490 1099 1527 clamore
1119 1490 1280 1535 sublato,
1319 1502 1423 1527 arma

276 1562 429 1599 capere,
448 1558 576 1600 portas
593 1551 785 1595 claudere,
802 1564 951 1588 murum
968 1551 1175 1601 complere,
1196 1558 1421 1600 coeperunt.

276 1610 531 1648 Centuriones
551 1611 588 1648 in
609 1612 765 1662 oppido,
786 1625 902 1662 quum
923 1624 972 1649 ex
991 1611 1267 1661 significatione
1288 1610 1421 1648 Gallo-

275 1683 358 1707 rum
380 1671 466 1707 novi
496 1672 638 1722 aliquid
670 1672 717 1709 ab
748 1671 806 1709 his
835 1672 920 1708 iniri
951 1672 1098 1710 consilii
1129 1671 1421 1719 intellexissent,

276 1731 412 1780 gladiis
432 1732 637 1778 destrictis,
672 1739 800 1783 portas
820 1739 1116 1784 occupaverunt,
1145 1745 1310 1784 suosque
1340 1745 1420 1770 om-

276 1804 345 1828 nes
366 1792 575 1829 incolumes
591 1801 833 1843 receperunt.

328 1853 438 1890 XIII.
503 1854 644 1891 Caesar
675 1867 722 1891 ex
744 1854 877 1891 castris
909 1854 1120 1904 equitatum
1151 1855 1265 1892 educi
1292 1856 1418 1905 jubet,

276 1912 540 1963 proeliumque
573 1921 751 1963 equestre
784 1914 1008 1952 committit:
1047 1915 1305 1952 laborantibus
1337 1918 1418 1965 Jam

276 1973 354 2009 suis
375 1973 589 2011 Germanos
609 1975 756 2024 equites
784 1976 938 2012 circiter
958 1988 1010 2012 cr>
1030 1976 1230 2021 submittit,
1256 1989 1350 2026 quos
1369 1977 1416 2013 ab

276 2034 385 2070 initio
416 2047 547 2071 secum
578 2035 720 2071 habere
751 2034 981 2073 instituerat.
1053 2035 1196 2073 Eorum
1233 2036 1417 2086 impetum

279 2094 379 2130 Galli
400 2095 588 2132 sustinere
606 2108 683 2132 non
702 2102 925 2145 potuerunt,
953 2103 1082 2146 atque,
1112 2097 1150 2133 in
1178 2096 1306 2146 sugam
1328 2109 1419 2134 con-

273 2153 382 2203 jecti,
421 2154 548 2190 multis
568 2154 726 2201 amissis,
758 2168 798 2192 se
831 2156 879 2193 ad
900 2169 1037 2206 agmen
1056 2163 1306 2207 receperunt:
1337 2157 1418 2207 qui-

277 2214 347 2249 bus
368 2213 592 2263 profligatis,
612 2227 740 2252 rursus
761 2216 939 2266 oppidani
954 2217 1145 2267 perterriti
1165 2217 1416 2267 comprehen-

276 2282 337 2308 sos
357 2283 435 2317 eos,
455 2284 615 2322 quorum
641 2286 759 2324 opera
776 2275 927 2325 plebem
958 2277 1188 2315 concitatam
1225 2277 1417 2316 existima-
