1556 2683
289 256 359 290 114
567 254 641 291 DE
682 255 860 292 BELLO
901 254 1145 292 GALLICO

285 366 524 403 cumventus‚
555 359 797 396 interficitur.
852 359 951 396 Tum
981 371 1071 395 vero
1091 370 1160 394 suo
1180 370 1286 394 more
1306 358 1425 395 victo<

285 418 376 454 riam
399 420 654 467 conclamant,
674 428 790 470 atque
809 421 993 457 ululatum
1015 419 1177 462 tollunt;
1206 419 1428 469 impetuque

284 479 320 515 in
353 488 502 517 nostros
532 481 636 518 facto
666 482 819 518 ordines
849 482 1088 532 perturbant.
1142 480 1201 517 lbi
1234 480 1281 517 L.
1311 480 1429 517 Cotta

283 554 459 591 pugnans
479 541 708 578 interficitur
723 555 810 578 cum
826 541 992 578 maxima
1011 549 1119 591 parte
1136 541 1311 577 militum.
1350 540 1428 576 Re-

282 602 376 652 liqui
407 616 446 639 se
467 603 504 638 in
536 610 662 640 castra
688 603 894 652 recipiunt,
923 603 1024 640 unde
1055 611 1165 640 erant
1193 602 1349 653 egressi.
1377 614 1428 638 ex

284 663 421 712 quibus
451 663 499 700 L.
521 663 757 701 Petrosidius
785 663 974 713 aquilifer,
1006 676 1122 713 quum
1144 676 1283 713 magna
1301 662 1429 699 multi-

282 725 415 761 tudine
436 725 601 762 hostium
617 733 870 776 premeretur,
891 725 1055 775 aquilam
1071 725 1172 761 intra
1185 725 1324 762 vallum
1339 736 1428 774 pro-

274 785 383 835 jecit,
415 786 495 836 ipse
514 800 584 836 pro
613 786 745 823 eastris
777 785 981 822 fortissime
1009 797 1184 835 pugnans
1213 784 1428 828 occiditur;

281 846 333 883 illi
349 860 465 897 aegre
482 848 530 884 ad
549 855 703 884 noctem
726 847 1053 897 oppugnationem
1074 846 1286 883 sustinent:
1311 852 1430 883 noctu.

278 908 328 944 ad
349 921 466 944 unum
483 921 630 953 omnes,
650 908 854 958 desperata
873 907 1008 951 salute,
1028 920 1068 944 se
1088 906 1159 956 ipsi
1180 906 1428 944 interficiunt.

279 968 414 1014 Pauci,
435 983 484 1006 ex
504 969 650 1019 proelio
670 969 804 1019 clapsi,
833 968 990 1005 incertis
1010 968 1209 1005 itineribus
1228 981 1297 1019 per
1316 968 1428 1005 silvas

279 1030 327 1066 ad
348 1030 393 1067 T.
426 1030 642 1068 Labienum
669 1031 838 1080 legatum
859 1030 897 1066 in
917 1030 1078 1066 hiberna
1102 1029 1344 1080 perveniunt,
1372 1035 1429 1066 at-

279 1104 353 1140 que
373 1105 461 1128 eum
482 1092 529 1128 de
549 1092 663 1128 rebus
681 1092 800 1141 gestis
821 1091 1025 1128 certiorem
1046 1090 1205 1127 faciunt.

330 1151 557 1188 XXXVIII.
613 1152 701 1189 Hae
720 1151 882 1188 victoria
909 1152 1094 1196 sublatus,
1127 1151 1330 1188 Ambiorix
1351 1157 1427 1188 sta-

277 1212 346 1248 tim
367 1225 454 1249 cum
475 1213 648 1264 equitatu
668 1212 706 1248 in
728 1212 969 1256 Aduatucos,
990 1211 1055 1261 qui
1075 1218 1184 1248 erant
1203 1213 1286 1261 ejus
1305 1224 1425 1261 regno

277 1273 443 1319 finitimi,
471 1274 728 1324 proficiscitur
746 1289 754 1316 ;
783 1286 908 1323 neque
927 1280 1081 1310 noctem
1103 1285 1229 1323 neque
1249 1272 1350 1310 diem
1370 1273 1426 1310 in-

276 1335 470 1380 termittit,
500 1335 791 1385 peditatumque
822 1346 862 1370 se
882 1334 1065 1383 subsequi
1092 1334 1217 1383 jubet.
1271 1333 1331 1371 Re
1361 1335 1427 1372 de-

277 1402 499 1441 monstrata,
533 1394 829 1444 Aduatucisque
862 1394 1080 1439 concitatis,
1112 1401 1266 1444 postero
1297 1395 1357 1433 die
1387 1395 1425 1432 in

277 1455 440 1493 Nervios
468 1456 656 1507 pervenit,
688 1456 956 1505 hortaturque,
989 1468 1037 1492 ne
1058 1455 1116 1492 sui
1136 1455 1174 1491 in
1195 1463 1424 1506 perpetuum

275 1518 477 1564 liberandi,
497 1526 614 1568 atque
633 1516 844 1554 ulciscendi
865 1516 1061 1553 Romanos
1080 1529 1150 1566 pro
1167 1516 1225 1563 iis,
1246 1530 1341 1567 quas
1361 1530 1426 1555 ac-

277 1580 465 1629 ceperint,
499 1578 660 1628 injuriis,
681 1578 925 1615 occasionem
953 1577 1170 1615 dimittant:
1198 1578 1425 1618 interfectos

275 1654 358 1678 esse
388 1641 536 1690 legatos
569 1641 660 1685 duo,
688 1652 944 1689 magnamque
972 1646 1120 1689 partem
1153 1640 1348 1678 exercitus
1368 1641 1424 1678 in-

278 1703 426 1747 terisse,
443 1702 704 1739 demonstrat:
725 1700 820 1737 nihil
840 1713 922 1737 esse
943 1700 1101 1749 negotii,
1121 1700 1247 1738 subito
1268 1714 1423 1752 oppres—

276 1776 354 1801 sam
374 1763 583 1813 legionem,
603 1775 700 1813 quae
721 1776 809 1800 cum
829 1761 1019 1799 Cicerone
1050 1761 1208 1806 hiemet,
1234 1762 1397 1801 interfici
1414 1778 1424 1800 ε

276 1838 317 1862 se
338 1825 386 1862 ad
402 1837 485 1861 eam
503 1837 584 1861 rem
603 1824 807 1875 profitetur
825 1823 1052 1872 adjutorem.
1100 1822 1228 1859 Facile
1247 1823 1320 1861 hac
1340 1837 1422 1863 ora-

278 1886 381 1924 tione
403 1885 555 1922 Nerviis
574 1885 793 1935 persuadet.

329 1947 514 1984 XXXIX.
569 1947 721 1996 ltaque,
760 1945 964 1982 confestim
997 1944 1160 1982 dimissis
1192 1947 1343 1984 nunciis
1374 1948 1423 1985 ad

278 2010 507 2054 Ceutrones,
546 2007 729 2052 Grudios,
759 2007 947 2052 Levaeos,
982 2005 1243 2053 Pleumoxios,
1277 2007 1425 2046 Geidu-

275 2082 358 2114 nos,
380 2068 445 2119 qui
466 2081 602 2106 omnes
621 2068 692 2105 sub
712 2080 846 2105 eorum
867 2066 1027 2117 imperio
1047 2074 1149 2112 sunt,
1170 2080 1282 2117 quam
1302 2070 1424 2106 maxi-

274 2143 355 2167 mas
381 2143 517 2167 manus
536 2135 713 2180 possunt,
742 2135 911 2178 cogunt3
940 2134 979 2164 et
998 2127 1046 2164 de
1067 2128 1271 2178 improviso
1290 2130 1339 2166 ad
1359 2131 1424 2168 Ci-

275 2191 425 2228 ceronis
456 2190 618 2228 hiberna
645 2189 839 2234 advolant,
871 2189 1044 2226 nondum
1064 2189 1113 2226 ad
1143 2203 1230 2227 eum
1254 2191 1356 2229 fama
1375 2193 1422 2230 de

275 2251 415 2289 Titurii
434 2259 557 2289 morte
572 2251 730 2302 perlata.
768 2250 874 2288 Huic
890 2264 1042 2301 quoque
1057 2251 1212 2297 accidit,
1233 2252 1336 2303 quod
1348 2252 1425 2290 fuit*

275 2325 448 2360 necesse,
477 2319 520 2350 ut
544 2312 718 2351 nonnulli
736 2311 890 2359 milites,
920 2312 984 2364 qui
1004 2312 1223 2364 lignationis
1242 2313 1422 2351 munitio-
