1556 2683
255 273 331 309 236
537 270 610 308 DE
644 269 822 306 BELLO
864 261 1108 306 GALLICO

254 374 325 411 bus
355 373 438 424 cogi
458 380 588 424 posset
606 380 759 410 senatus
778 372 816 409 id
834 372 1011 422 probare,
1038 369 1141 420 quod
1161 369 1230 419 ipsi
1250 368 1392 406 consti-

254 433 427 470 tuissent.

306 494 410 530 LIV.
465 494 524 530 Fit
544 493 683 530 deinde
703 491 1088 535 senatusconsultum,
1122 497 1164 527 ut
1183 490 1231 526 ad
1249 489 1391 526 bellum

254 554 475 591 Parthicum
496 554 596 603 legio
617 566 691 590 una
710 565 732 589 a
750 553 823 590 Cn.
839 551 1038 601 Pompeio,
1059 551 1179 588 altera
1193 563 1215 587 a
1230 551 1274 587 C.
1296 550 1393 587 Cae-

253 626 350 659 sare,
370 615 637 651 mitterentur:
667 625 793 663 neque
817 613 977 649 obscure
998 611 1070 648 hae
1090 611 1188 648 duae
1221 611 1394 660 legiones

254 676 317 712 uni
339 675 492 712 Caesari
512 673 778 711 detrahuntur.
816 672 915 709 Nam
949 672 1021 709 Cn.
1050 671 1254 722 Pompeius
1274 671 1394 721 legio-

259 749 346 772 nem
362 736 534 785 primam,
555 747 667 784 quam
687 733 731 770 ad
756 734 959 770 Caesarem
977 730 1147 776 miserat,
1179 730 1394 767 confectam

259 809 311 833 ex
332 797 477 833 dilectu
496 795 716 846 provinciae
738 793 924 837 Caesaris,
953 804 1037 829 eam
1057 799 1237 841 tanquam
1257 804 1307 828 ex
1325 804 1395 829 suo

253 870 414 893 numero
433 856 551 894 dedit.
607 856 748 892 Caesar
761 861 903 898 tamen,
920 866 1035 903 quum
1049 852 1097 889 de
1111 853 1309 890 voluntate
1329 852 1395 889 ad-

254 917 507 954 versariorum
528 929 680 954 suorum
701 928 741 952 se
761 914 967 964 exspoliari
992 913 1134 950 nemini
1160 912 1317 950 dubium
1337 925 1395 949 es-

251 984 324 1023 set,
339 977 612 1027 Cn.Pompeio
632 976 822 1026 legionem
841 975 1055 1023 remisit,et
1069 987 1138 1011 suo
1155 973 1308 1010 nomine
1324 985 1393 1019 xv,

252 1051 364 1089 quarn
386 1039 423 1075 in
443 1038 570 1076 Gallia
585 1038 763 1075 citeriore
776 1037 978 1081 habuerat,
998 1048 1046 1072 ex
1062 1034 1394 1072 senatusconsulto

247 1100 359 1150 jubet
380 1099 491 1136 tradi.
546 1099 591 1135 In
611 1100 693 1148 ejus
712 1098 840 1135 locum
875 1108 955 1133 X111
976 1096 1166 1145 legionem
1186 1095 1224 1132 in
1244 1095 1394 1132 Italiam

250 1161 381 1206 mittit,
395 1173 493 1212 quac
511 1159 701 1210 praesidi‘a
716 1165 885 1203 tueatur,
905 1170 954 1195 ex
971 1157 1108 1207 quibus
1127 1156 1324 1207 praesidiis
1337 1168 1394 1192 xv

251 1221 527 1260 deducebatur.
582 1219 670 1269 Ipse
700 1218 890 1255 exercitui
918 1216 1110 1254 distribuit
1138 1217 1321 1254 hiberna:
1349 1217 1395 1254 C.

251 1281 487 1319 Trebonium
508 1293 595 1319 cum
615 1279 832 1329 legionibus
852 1290 899 1314 1v
918 1278 956 1314 in
976 1277 1112 1327 Belgio
1140 1277 1326 1320 ennoean
1347 1278 1393 1315 C.

250 1342 408 1379 Fabium
429 1355 515 1380 cum
536 1341 698 1378 totidem
720 1340 758 1376 in
791 1339 950 1376 Aeduos
970 1338 1140 1375 deducit.
1196 1337 1260 1374 Sic
1291 1338 1394 1375 enim

249 1403 492 1440 existimabat
512 1401 741 1438 tutissimam
760 1399 842 1437 fore
863 1398 1044 1444 Galliam,
1068 1398 1100 1435 si
1120 1398 1279 1448 Belgae,
1300 1411 1396 1449 quo-

249 1477 333 1500 rum
347 1463 514 1500 maxima
526 1463 661 1507 virtus,
676 1469 715 1498 et
729 1460 870 1507 Aedui,
887 1473 1050 1510 quorum
1066 1460 1274 1497 auctoritas
1293 1472 1395 1496 sum-

250 1534 314 1561 ma
331 1531 445 1568 esset,
472 1522 709 1561 exercitibus
730 1522 1033 1559 continerentur.

298 1585 390 1621 LV.
432 1585 519 1635 Ipse
539 1585 577 1622 in
597 1583 744 1621 Italiam
760 1582 958 1633 profectus
972 1589 1042 1620 est.
1097 1584 1184 1624 Quo
1203 1595 1319 1634 quum
1330 1596 1395 1621 ve-

256 1646 389 1689 nisset,
410 1645 622 1695 cognoscit,
655 1658 725 1695 per
744 1645 788 1682 C.
809 1644 1037 1681 Marcellum
1059 1644 1256 1681 consulem
1275 1643 1395 1694 legio-

250 1715 318 1744 nes
340 1718 387 1752 11,
406 1707 454 1743 ab
474 1718 514 1742 se
535 1706 721 1751 remissas,
742 1718 841 1756 quae
856 1719 905 1742 ex
921 1705 1255 1742 senatusconsulto
1276 1704 1393 1742 debe-

251 1775 338 1804 rent
358 1767 406 1804 ad
439 1766 663 1803 Parthicum
681 1766 824 1803 bellurn
845 1765 948 1811 duci,
982 1765 1053 1802 Cn.
1073 1764 1258 1814 Pompeio
1277 1764 1393 1802 tradi-

249 1835 320 1874 tas,
339 1836 455 1878 atque
476 1827 513 1863 in
535 1827 646 1864 Italia
665 1834 833 1864 retentas
853 1839 949 1863 esse.
1005 1826 1094 1863 Hoc
1126 1825 1242 1870 facto,
1275 1837 1393 1875 quan-

248 1901 362 1938 quam
393 1888 484 1925 nulli
506 1894 587 1925 erat
607 1888 779 1934 dubium,
810 1888 991 1938 quidnam
1025 1895 1160 1925 contra
1188 1887 1393 1924 Caesarem

247 1957 462 1999 pararetur,
487 1956 615 1986 tamen
636 1949 778 1986 Caesar
797 1949 924 1985 omnia
940 1948 1122 1998 patienda
1141 1959 1223 1984 esse
1245 1946 1392 1992 statuit,

248 2011 374 2060 quoad
393 2010 464 2047 sibi
484 2023 570 2061 spes
596 2010 726 2060 aliqua
745 2010 1026 2060 relinqueretur
1054 2011 1141 2058 jure
1161 2007 1289 2058 potius
1317 2007 1393 2044 dis-

249 2072 443 2122 ceptandi,
464 2084 577 2122 quam
595 2071 686 2109 belli
705 2071 877 2122 gerendi.
923 2069 1225 2108 -Contenditrffl

1213 2331 1256 2369 C.
1274 2330 1417 2369 JULII
