1556 2683
253 235 329 272 120
540 230 615 268 DE
657 229 836 267 BELLO
880 229 1125 268 GALLICO

251 336 367 373 nione
402 347 453 372 111
484 335 678 385 legionum
711 335 900 384 dejectus,
930 331 979 370 ad
999 343 1031 368 11
1064 331 1243 377 redierat,
1275 334 1407 369 tamen

251 410 369 433 unum
391 396 604 433 communis
633 396 765 432 salutis
786 394 971 431 auxilium
992 393 1031 429 in
1051 393 1251 430 celeritate
1284 405 1405 442 pone-

251 457 330 494 bat..
384 457 502 494 Venit
534 456 682 506 magnis
716 455 915 493 itineribus
952 455 989 490 in
1027 453 1259 490 Nerviorum
1296 454 1405 490 fines.

251 518 311 556 Ibi
338 532 387 555 ex
408 518 567 568 captivis
587 516 803 566 cognoscit,
836 528 934 566 quae
955 516 1058 566 apud
1079 515 1306 553 Ciceronem
1337 529 1404 566 gc-

250 587 399 624 rantur,
434 587 654 629 quantoque
684 578 721 615 in
741 577 914 628 periculo
934 590 995 613 res
1015 577 1075 613 sit.
1131 576 1230 613 Tum
1251 577 1404 613 cuidam

252 652 302 676 ex
321 639 514 690 equitibus
534 638 656 675 Gallis
677 638 824 687 magnis
844 637 1022 688 praemiis
1041 637 1262 687 persuadet,
1285 637 1340 674 uti
1356 636 1405 674 ad

255 701 484 738 Ciceronem
515 699 715 750 epistolam
744 699 905 735 deferat.
961 697 1091 743 Hanc,
1125 697 1288 735 Graecis
1317 711 1409 735 con-

253 762 436 812 scriptam
455 761 589 806 fiteris,
610 760 739 805 mittit,
756 771 818 804 ne,
839 759 1056 809 intercepta
1075 759 1250 808 epistola,
1276 767 1409 796 nostra

257 824 305 859 ab
325 823 500 859 hostibus
520 821 678 858 consilia
698 828 1008 870 cognoscantur:
1042 819 1072 856 si
1092 819 1197 856 adire
1224 833 1301 856 non
1322 832 1409 870 pos-

250 884 313 929 sit,
333 890 479 928 monet,
500 890 542 919 ut
562 883 751 932 tragulam
770 895 856 919 cum
871 881 1046 932 epistola,
1066 881 1115 918 ad
1130 889 1324 918 amentum
1341 881 1406 918 de-

250 945 384 995 ligata,
405 944 504 981 intra
519 943 752 980 munitiones
767 950 980 980 castrorum
997 942 1166 992 abjiciat.
1221 941 1265 978 In
1286 941 1407 979 literis

251 1006 398 1051 scribit,
418 1019 472 1052 se,
494 1018 581 1042 cum
601 1004 819 1055 legionibus
839 1005 1069 1054 profectum,
1100 1002 1278 1041 celeriter
1299 1001 1409 1039 adfo-

251 1080 291 1104 re
309 1082 317 1104 2
355 1068 545 1112 hortatur,
577 1075 618 1103 ut
637 1066 835 1116 pristinam
867 1065 1048 1102 virtutem
1084 1064 1261 1101 retineat.
1316 1063 1410 1101 Gal-

249 1129 322 1174 lus,
342 1128 557 1179 periculum
577 1128 735 1174 veritus,
767 1134 809 1164 ut
828 1134 911 1163 erat
930 1133 1195 1176 praeceptum,
1217 1125 1409 1174 tragulam

249 1189 381 1228 mittit.
441 1189 551 1226 Haec
572 1201 664 1226 casu
681 1189 730 1225 ad
749 1188 884 1225 turrim
901 1188 1088 1233 adhaesit,
1111 1199 1236 1237 neque
1255 1186 1302 1224 ab
1319 1199 1407 1224 nos-

252 1252 320 1289 tris
353 1251 472 1288 biduo
506 1249 771 1287 animadversa
808 1249 923 1287 tertio
953 1248 1015 1286 die
1047 1261 1069 1285 a
1089 1248 1255 1299 quodam
1284 1247 1405 1285 milite

252 1312 507 1362 conspicitur3
527 1311 670 1356 demta,
691 1310 740 1347 ad
757 1310 987 1348 Ciceronem
1003 1309 1187 1347 defertur.
1230 1308 1301 1346 Ille
1320 1321 1407 1359 per-

249 1374 390 1411 lectam
410 1372 449 1409 in
468 1380 663 1410 conventu
693 1371 854 1409 militum
884 1371 1037 1416 recitat,
1062 1371 1306 1420 maximaque
1327 1383 1409 1407 om-

251 1446 320 1471 nes
354 1433 501 1470 laetitia
529 1432 657 1469 afficit.
712 1431 812 1468 Tum
844 1430 940 1468 fumi
975 1430 1238 1468 incendiorum
1271 1429 1408 1480 procul

251 1494 505 1531 videbantur:
535 1506 634 1544 quae
653 1505 713 1530 res
733 1505 886 1530 omnem
913 1491 1192 1529 dubitationem
1218 1490 1408 1528 adventus

251 1555 449 1606 legionum
471 1555 633 1605 expulit.

303 1617 449 1653 XLIX.
506 1616 622 1662 Galli,
655 1629 696 1653 re
717 1615 874 1665 cognita
904 1627 974 1664 per
1001 1614 1280 1664 exploratores,
1309 1613 1410 1651 obsi-

254 1679 408 1715 dionem
431 1678 666 1728 rclinquunt,
688 1677 736 1714 ad
753 1679 956 1714 Caesarem
977 1676 1153 1713 omnibus
1174 1676 1294 1726 copiis
1315 1688 1409 1713 con-

255 1739 434 1777 tendunt.
498 1751 566 1776 cae
600 1746 709 1775 erunt
739 1744 972 1774 armatorum
1006 1736 1159 1773 circitcr
1189 1736 1306 1773 millia
1339 1748 1406 1773 Lx.

256 1801 411 1846 Cicero,
431 1800 521 1837 data
538 1800 738 1845 facultate,
769 1798 925 1835 Gallum
945 1799 991 1835 ab
1013 1799 1148 1835 eodem
1180 1798 1405 1845 Verffieone,

258 1875 371 1912 quem
400 1873 515 1911 supra
534 1859 893 1904 demonstravimus
925 1859 1083 1909 repetit,
1117 1859 1181 1910 qui
1201 1860 1329 1898 literas
1362 1860 1412 1898 ad

255 1923 460 1960 Caesarem
481 1921 623 1958 referat
642 1937 650 1964 ;
679 1921 782 1958 hunc
803 1920 999 1965 admonet,
1019 1920 1092 1957 iter
1111 1928 1225 1957 caute
1245 1921 1409 1972 diligen-

254 1990 391 2033 terque
410 1982 527 2019 faciat
545 1995 553 2018 ε
574 1982 777 2032 perscribit
791 1982 827 2018 in
848 1981 982 2026 literis,
1002 1982 1131 2018 hostes
1147 1982 1193 2018 ab
1210 1994 1250 2019 se
1268 1982 1409 2020 disces-

256 2046 361 2087 sisse,
389 2055 620 2093 omnemque
654 2043 702 2079 ad
735 2055 822 2079 eum
843 2042 1129 2079 multitudinem
1163 2044 1410 2081 convertisse.

257 2106 406 2146 Quibus
422 2105 542 2141 literis
563 2104 717 2141 circiter
736 2104 862 2141 media
878 2110 995 2140 nocte
1007 2103 1143 2150 allatis,
1161 2104 1303 2142 Caesar
1323 2117 1411 2142 suos

253 2166 348 2203 facit
368 2165 576 2207 certiorcs;
609 2178 753 2215 cosque
773 2165 820 2201 ad
841 2165 1100 2201 dimicandum
1124 2165 1252 2201 animo
1272 2166 1413 2203 confir-

254 2234 345 2263 mat.
402 2226 564 2263 Postero
584 2226 659 2271 dic,
680 2226 767 2263 luce
787 2227 923 2276 prima,
946 2234 1075 2262 movet
1095 2233 1243 2269 castra;
1263 2234 1315 2272 et,
1336 2225 1414 2264 cir-v

257 2287 353 2324 citer
372 2286 490 2324 millia
508 2299 689 2338 passuum
704 2297 749 2323 lv
768 2298 1008 2337 progressus,
1028 2293 1133 2324 trans
1152 2286 1289 2325 vallem
1304 2298 1409 2337 mag-
