1556 2683
246 282 322 318 220
550 281 625 318 DE
654 281 833 318 BELLO
863 280 1107 320 GALLICO

246 383 370 435 plura,
391 395 503 433 quam
523 384 717 429 videbant,
737 384 1053 422 extimescebam.
1093 386 1180 426 Quo
1195 382 1297 421 facto
1312 389 1386 421 sta-

247 444 367 481 tuisse
401 444 596 482 Commius
625 444 826 482 dicebatur
855 458 1050 495 nunquam
1070 445 1107 481 in
1141 453 1390 495 conspectum

249 506 472 555 cujusquam
495 504 657 541 Romani
676 504 818 541 venire.

299 566 446 602 XXIV.
512 565 814 603 Bellicosissimis
846 565 1024 616 gentibus
1044 564 1218 610 devictis,
1249 565 1390 602 Caesar

245 640 361 678 quum
381 627 529 663 videret
553 626 693 663 nullam
721 627 800 675 jam
831 638 913 662 esse
945 625 1153 671 civitatem,
1185 638 1282 676 quae
1311 625 1392 662 bel-

241 689 321 725 lum
341 696 507 738 pararet,
527 701 602 738 quo
621 687 691 724 sibi
711 688 918 732 resisteret,
946 687 1014 724 sed
1034 687 1237 724 nonnullos
1256 700 1305 723 ex
1321 700 1389 737 op-

243 749 341 799 pidis
362 748 589 799 demigrare,
609 762 658 785 ex
674 749 774 799 agris
790 748 989 798 diffugere,
1004 748 1052 784 ad
1067 761 1246 799 praesens
1270 748 1389 798 impe-

242 810 342 846 ·rium
363 809 582 846 evitandum
599 825 608 852 ς
636 809 762 860 plures
782 809 818 845 in
839 815 968 858 partes
984 808 1200 846 exercitum
1219 808 1389 846 dimitte-

245 883 286 907 re
307 870 518 908 constituit.
572 870 630 907 M.
651 870 879 915 Antonium,
897 876 1154 920 quaestorem,
1170 882 1258 906 cum
1273 869 1393 919 legio-

244 943 293 966 ne
323 942 366 966 xr
401 930 469 967 sibi
491 930 716 980 conjungit:
745 930 788 967 C.
809 929 982 975 Fabium,
1001 929 1186 979 legatum,
1219 943 1307 967 cum
1327 943 1391 967 co-

242 990 418 1028 hortibus
438 1004 516 1028 xxv
535 991 653 1028 mittit
671 990 708 1027 in
729 990 1019 1028 diversissimam
1049 990 1199 1027 Galliae
1217 998 1392 1040 partem;

244 1052 347 1102 quod
367 1051 417 1088 ibi
433 1052 617 1102 quasdam
634 1051 808 1089 civitates
825 1051 861 1088 in
879 1051 992 1088 armis
1012 1064 1094 1089 esse
1114 1051 1307 1098 audiebat,
1324 1065 1391 1089 ne-

243 1125 318 1163 que
352 1113 396 1150 C.
417 1112 619 1150 Caninium
641 1113 836 1159 Rebilum,
855 1112 1040 1163 legatum,
1077 1112 1142 1162 qui
1174 1113 1212 1148 in
1244 1112 1314 1149 illis
1334 1125 1392 1150 re-

244 1174 423 1223 gionibus
449 1181 638 1225 praeerat,
657 1174 748 1212 satis
767 1173 895 1210 firmas
916 1185 947 1209 11
969 1173 1142 1223 legiones
1161 1173 1304 1210 habere
1324 1186 1393 1210 ex-

238 1234 443 1272 istimabat.
498 1234 544 1271 T.
562 1233 776 1271 Labienum
809 1234 857 1271 ad
876 1246 917 1270 se
937 1240 1086 1279 evocat,
1119 1233 1389 1284 legionemque

242 1308 320 1341 ΧΠ,
348 1308 444 1346 quae
465 1308 551 1332 cum
567 1308 613 1332 eo
628 1294 754 1332 suerat
773 1294 810 1331 in
830 1293 1013 1340 hibernis,
1033 1294 1070 1330 in
1092 1294 1279 1343 Togatam
1297 1294 1392 1331 Gal-

242 1357 330 1394 liam
351 1356 484 1401 mittit,
503 1355 553 1392 ad
573 1355 742 1393 colonias
762 1355 901 1392 civium
923 1355 1182 1392 Romanorum
1204 1356 1390 1399 tuendas;

240 1431 290 1455 ne
320 1418 422 1468 quod
455 1416 578 1453 simile
613 1415 899 1453 incommodum
931 1415 1127 1453 accideret
1156 1415 1388 1453 decursione

240 1478 505 1523 barbarorum,
525 1490 569 1515 ac
585 1477 782 1527 superiore
803 1483 948 1514 aestate
969 1475 1208 1527 Tergestinis
1228 1475 1388 1514 accidis-

241 1546 314 1585 set,
352 1539 416 1590 qui
435 1539 638 1589 repentino
658 1537 860 1576 latrocinio
880 1545 995 1588 atque
1016 1537 1162 1588 impetu
1180 1550 1313 1575 eorum
1352 1550 1392 1575 e-

239 1608 328 1638 rant
357 1600 540 1651 oppressi.
595 1600 682 1651 Ipse
712 1600 762 1637 ad
790 1599 993 1636 vastandos
1024 1598 1393 1650 depopulandosque

239 1662 339 1700 fines
360 1662 596 1712 Ambiorigis
623 1660 879 1712 proficiscitur
897 1674 906 1696 :
933 1673 1062 1710 quem,
1082 1659 1325 1710 perterritum
1345 1672 1392 1696 ac

241 1723 472 1774 fugientem,
489 1735 604 1774 quum
627 1719 749 1771 redigi
769 1733 880 1771 posse
893 1721 930 1757 in
951 1733 1056 1757 suam
1075 1727 1306 1770 potestatem
1326 1719 1393 1757 de-

237 1784 441 1835 sperasset,
472 1783 689 1834 proximum
708 1794 800 1818 suae
819 1781 1016 1831 dignitatis
1037 1794 1120 1819 esse
1140 1781 1321 1827 ducebat,
1350 1794 1390 1818 a·

239 1845 313 1883 deo
333 1845 426 1882 fines
448 1846 530 1894 ejus
552 1852 700 1881 vastare
733 1842 896 1888 civibus,
925 1842 1123 1887 aedificiis,
1156 1856 1312 1892 pecore,
1346 1851 1390 1880 ut

239 1905 328 1943 odio
348 1918 503 1942 suorum
531 1904 751 1949 Ambiorix,
783 1903 813 1940 si
835 1916 929 1954 quos
953 1903 1109 1940 fortuna
1128 1902 1283 1941 fecisset
1304 1903 1390 1941 reli-

235 1980 348 2017 quos,
375 1966 520 2003 nullum
542 1965 707 2003 reditum
733 1972 889 2016 propter
908 1971 1034 2002 tantas
1064 1965 1302 2002 calamitates
1321 1964 1389 2002 ha·-

239 2028 349 2065 beret
370 2026 406 2063 in
441 2026 647 2064 civitatem.

288 2087 414 2124 XXV.
467 2088 595 2128 Quum
616 2087 654 2123 in
688 2100 820 2124 omnes
841 2093 967 2137 partes
992 2085 1126 2123 finium
1147 2085 1385 2136 Ambiorigis

234 2157 300 2187 aut
320 2150 490 2199 legiones
509 2155 575 2185 aut
594 2147 738 2185 auxilia
762 2148 978 2193 dimisisset,
1009 2155 1125 2198 atque
1146 2147 1274 2184 omnia
1294 2160 1382 2185 cae-

233 2211 360 2256 dibus,
395 2210 594 2255 incendiis,
628 2209 783 2259 rapinis,
814 2209 1016 2254 vastasset,
1050 2221 1189 2258 magno
1224 2222 1385 2245 numero

231 2273 428 2309 hominum
450 2271 654 2309 interfecto
673 2278 740 2307 aut
760 2277 896 2320 capt03
930 2269 1143 2306 Labienum
1166 2283 1252 2307 cum
1275 2282 1306 2306 11
1329 2272 1382 2307 le-

229 2332 407 2383 gionibus
427 2332 465 2370 in
493 2331 672 2370 Treviros
691 2331 822 2378 mittit,
856 2344 1019 2382 quorum
1040 2330 1187 2378 civitas,
1221 2338 1381 2382 propter
