1556 2683
537 216 705 255 LIBER
758 216 827 255 VI.
1187 221 1256 257 152.

108 319 179 357 bus
198 319 510 370 procubuerant3
532 327 587 366 ut,
607 320 635 357 si
650 321 715 371 qui
735 321 849 358 etiam
871 319 908 356 in
924 320 1119 370 prasentia
1139 333 1179 358 se
1199 334 1266 359 oc-

108 380 333 425 cultassent‚
356 389 483 419 tamen
505 381 564 428 iis,
593 382 763 419 deducto
783 381 974 426 exercitu,
996 394 1122 418 rerum
1144 382 1266 419 omni-

107 453 172 478 um
192 440 319 491 inopia
334 442 575 491 pereundum
593 442 802 480 videretur.
845 443 906 480 Ac
922 455 1036 493 saepe
1051 443 1088 480 in
1102 456 1190 480 eum
1207 444 1264 482 lo-

108 514 195 539 cum
212 509 368 539 ventum
385 510 456 548 est,
472 510 580 541 tanto
597 504 634 541 in
649 517 780 542 omnes
795 512 923 555 partes
939 504 1060 541 diviso
1076 504 1265 555 equitatu,

107 569 149 600 ut
163 562 280 600 modo
295 563 416 600 visum
432 565 479 601 ab
500 577 540 602 se
564 565 830 615 Ambiorigem
851 565 889 602 in
903 564 996 615 fuga
1017 566 1173 616 captivi,
1191 579 1264 603 nec

107 625 221 676 plane
242 624 357 662 etiam
377 625 503 663 abisse
531 639 581 664 ex
611 633 838 677 conspectu,
873 626 1172 672 contenderent,
1207 634 1265 672 ut,

107 698 175 736 spe
195 687 458 736 consequendi
480 686 597 732 illata,
617 694 734 738 atque
751 687 901 725 infinito
917 688 1048 725 labore
1067 695 1264 738 suscepto,

106 747 170 798 qui
190 760 231 785 se
251 760 438 785 summam
458 749 506 786 ab
523 749 688 787 Caesare
707 749 870 799 gratiam
890 750 1052 788 inituros
1068 757 1265 801 putarent,

106 821 230 859 paene
250 815 426 847 naturam
454 809 582 848 studio
601 810 816 856 vincerent,
842 824 1071 862 semperque
1091 811 1262 862 paullum

106 870 156 909 ad
182 883 368 908 summam
387 870 613 910 felicitatem
632 870 800 909 defuisse
819 873 1015 911 videretur
1031 890 1040 915 ;
1065 880 1181 924 atque
1202 873 1267 910 ille

105 932 263 970 latebris
278 945 324 970 ac
339 932 442 970 silvis
461 940 527 970 aut
543 933 702 970 saltibus
721 946 762 970 se
782 933 964 985 eriperet,
986 942 1039 980 et,
1059 941 1179 972 noctu
1200 948 1265 972 oc-

107 994 289 1040 cultatus,
310 994 401 1031 alias
417 995 594 1045 regiones
609 1001 817 1045 partesque
837 1002 1004 1045 peteret,
1025 1009 1100 1033 non
1117 997 1263 1044 majore

107 1056 280 1106 equitum
295 1056 501 1107 praesidio,
532 1069 646 1107 quam
668 1067 729 1102 ιν,
757 1056 895 1107 quibus
914 1057 1003 1094 solis
1024 1057 1139 1095 vitam
1159 1069 1266 1094 suam

106 1117 349 1155 committere
369 1117 551 1155 audebat.

162 1179 308 1218 XLIV.
363 1179 449 1216 Tali
468 1179 584 1217 modo
604 1176 759 1217 vastatis
779 1178 1015 1229 regionibus,
1048 1180 1265 1218 exercitum

107 1241 264 1287 Caesar,
301 1241 466 1278 duarum
498 1241 715 1278 cohortium
753 1241 907 1287 damno,
950 1241 1263 1279 Durocortorum

107 1301 320 1340 Remorum
339 1302 513 1346 reducit;
535 1302 778 1353 concilioque
799 1302 836 1339 in
857 1315 945 1340 enm
964 1302 1092 1340 locum
1114 1302 1264 1341 Galliac

106 1363 270 1410 indicto,
286 1364 334 1401 de
352 1363 621 1413 conjuratione
637 1364 834 1402 Senonum
846 1371 886 1402 et
900 1364 1114 1402 Carnutum
1131 1377 1268 1414 quaes-¹

104 1425 250 1463 tionem
270 1425 415 1462 habere
434 1424 625 1462 instituit:
663 1432 717 1471 et,
738 1426 786 1463 de
803 1426 980 1471 Accone,
1000 1425 1065 1476 qui
1084 1425 1269 1476 princeps

105 1488 188 1537 ejus
217 1486 366 1525 consilii
393 1485 534 1532 fuerat,
567 1486 743 1537 graviore
773 1487 967 1525 sententia
994 1486 1265 1538 pronunciata,

104 1561 212 1587 more
231 1549 426 1599 'majorum
452 1548 684 1599 supplicium
717 1549 864 1586 sumsit.
934 1548 1133 1594 Nonnulli,
1159 1547 1264 1598 judi-

107 1612 209 1649 cium
238 1611 365 1657 veriti,
397 1611 680 1662 profugerunt:
718 1611 856 1662 quibus
876 1624 1006 1662 ‚quum
1027 1623 1127 1661 aqua
1145 1617 1265 1661 atque

106 1673 187 1724 igni
207 1673 485 1720 interdixisset,
515 1685 548 1709 11
570 1673 742 1723 legiones
761 1673 811 1710 ad
830 1673 926 1711 fines
946 1673 1208 1718 Trevirorum,
1229 1684 1262 1709 11

104 1735 145 1772 in
163 1735 422 1785 Lingonibus,
444 1747 489 1772 VI
506 1734 674 1785 reliquas
694 1735 732 1772 in
754 1734 953 1773 Senonum
968 1734 1109 1771 finibus
1130 1735 1263 1784 Agen-

106 1797 183 1835 diei
198 1797 236 1833 in
252 1797 422 1834 hibernis
438 1796 665 1840 collocavit;
690 1796 964 1848 frumentoque
985 1796 1162 1834 exercitu
1176 1809 1264 1846 pro-

105 1857 202 1903 viso,
234 1865 278 1895 ut
310 1858 542 1904 instituerat,
562 1858 601 1894 in
620 1858 772 1895 Italiam
791 1858 841 1896 ad
860 1867 1074 1897 conventus
1092 1857 1269 1909 agendos.

107 1919 306 1970 profectus
324 1926 396 1958 est.

536 2128 702 2165 LIBER
757 2128 849 2166 VII.

159 2231 192 2267 I.
245 2231 458 2274 QUIETA
491 2232 631 2279 Gallia,
662 2232 818 2278 Caesar,
853 2239 895 2270 ut
925 2233 1192 2280 constituerat,
1226 2233 1264 2271 in

110 2291 259 2329 ItaHax'n
279 2293 328 2330 ad
348 2300 561 2331 conventus
581 2294 753 2344 agendos
771 2294 1045 2345 proficiscitur.
1099 2294 1159 2333 Ibi
1173 2308 1265 2346 cog-
