1556 2683
559 205 725 244 LIBER
778 205 869 244 VH.
1215 209 1280 249 191

141 307 305 360 quitatu,
326 310 423 348 duae
442 322 482 347 se
502 309 604 348 acies
622 310 670 347 ab
689 310 839 348 duobus
858 309 1041 348 lateribus
1060 312 1281 358 ostendunt,

142 382 217 407 una
236 383 258 407 a
288 372 410 420 primo
430 371 579 421 agmine
607 371 680 408 iter
710 371 893 421 impedire
922 371 1062 422 coepit.
1125 373 1212 413 Qua
1240 387 1281 410 rc

138 431 333 478 nunciata,
372 432 513 470 Caesar
531 445 640 470 suum
661 446 813 483 quoque
833 432 1058 483 equitatum,
1090 432 1281 484 tripartito

138 492 314 539 divisum,
336 502 471 530 contra
489 494 637 530 hostem
655 494 709 530 ire
725 494 848 544 jubet.
886 493 1085 544 Pugnatur
1100 507 1175 531 una
1190 502 1282 532 tunc

138 553 314 591 omnibus
334 553 371 590 in
388 554 569 604 partibus.
625 554 807 592 Consistit
827 567 962 605 agmen
980 568 989 591 ε
1009 555 1283 605 impedimenta

136 613 237 651 inter
256 614 426 665 legiones
447 615 694 665 recipiuntur.
750 615 789 652 Si
810 628 885 666 qua
904 616 941 652 in
961 623 1070 665 parte
1090 616 1208 653 nostri
1228 616 1282 653 la-

135 675 272 713 borare
291 683 357 713 aut
376 676 527 725 gravius
548 675 666 725 premi
687 675 929 722 videbantur,
959 689 1005 713 eo
1025 676 1133 726 signa
1151 676 1281 713 inferri

135 736 290 782 Caesar,
311 738 508 787 aciemque
529 736 712 780 converti,
728 737 915 786 jubebat:
935 749 1032 787 quae
1053 749 1114 774 res
1132 743 1170 774 et
1192 737 1279 774 hos-

135 805 194 836 tes
213 799 261 836 ad
293 798 568 849 insequendum
589 797 777 843 tardabat,
809 805 849 835 et
878 805 1027 836 nostros
1047 811 1115 849 spe
1147 799 1280 836 auxilii

135 860 398 898 confirmabat.
466 859 636 896 Tandem
675 859 858 896 Germani
895 860 942 896 ab
973 859 1111 897 dextro
1144 860 1279 907 latere,

133 934 321 959 summum
339 923 475 971 jugum
496 920 612 965 nacti,
633 920 762 957 hostes
781 920 867 958 loco
886 920 1101 970 depellunt:
1128 922 1280 972 fugien-

132 989 192 1020 tes
212 994 332 1032 usque
352 981 399 1018 ad
419 981 576 1026 flumen,
606 980 672 1018 ubi
693 979 991 1031 Vercingetorix
1022 994 1109 1019 cum
1141 983 1279 1034 pedes·

131 1041 254 1079 tribus
287 1042 406 1092 copiis
437 1041 677 1086 consederat,
703 1048 999 1091 persequuntur,
1044 1043 1278 1092 complures-

132 1115 208 1153 que
229 1101 475 1139 interficiunt.
529 1103 615 1142 Qua
629 1113 670 1138 re
684 1101 959 1147 animadversa,
978 1101 1128 1152 reliqui,
1144 1115 1192 1139 ne
1208 1102 1280 1139 cir-

132 1165 457 1208 cumvenirentur,
471 1162 595 1207 veriti,
611 1175 652 1199 se
667 1161 781 1211 fugae
797 1163 990 1200 mandant.
1022 1162 1210 1201 Omnibus
1225 1164 1279 1201 lo-

130 1223 186 1262 cis
205 1224 248 1261 fit
267 1225 418 1263 caedes.
477 1223 579 1260 ‘Tres
598 1223 820 1260 nobilissimi
843 1223 970 1261 Aedui
991 1224 1092 1274 capti
1114 1225 1162 1262 ad
1182 1225 1278 1262 Cae-

131 1297 254 1323 sarem
276 1285 566 1337 perducuntur:
595 1284 730 1330 Cotus,
749 1283 969 1334 praefectus
989 1285 1176 1335 equitum,
1214 1285 1279 1336 qui

129 1346 429 1384 controversiam
450 1359 536 1383 cum
566 1344 874 1383 Convictolitane
902 1344 1086 1395 proximis
1113 1345 1277 1382 comitiis

129 1406 343 1450 habuerat;
363 1414 402 1444 et
422 1406 645 1451 Cavarillus,
666 1405 729 1457 qui
752 1413 837 1455 post
855 1404 1114 1443 defectionem
1135 1406 1280 1443 Litavi-

130 1469 167 1506 ci
195 1468 436 1519 pedestribus
465 1467 584 1518 copiis
604 1466 844 1516 praefixerat:
872 1473 911 1503 et
932 1466 1178 1517 Eporedirix,
1199 1481 1276 1518 quo

129 1528 331 1567 duceante
344 1528 550 1566 adventum
565 1526 738 1565 Caesaris
752 1526 880 1564 Aedui
894 1539 982 1564 cum
997 1527 1185 1579 Sequanis
1198 1529 1279 1566 bel-

128 1589 167 1628 lo
191 1590 483 1628 contenderant.

178 1650 365 1688 LXVIII.
405 1650 551 1700 Fugato
566 1649 669 1687 omni
684 1649 871 1700 equitatu,
889 1649 1188 1700 Vercingetorix
1209 1663 1274 1689 co-

127 1713 211 1765 pias
229 1725 330 1759 suas,
351 1720 393 1749 ut
412 1724 482 1762 pro
501 1711 634 1748 castris
659 1711 930 1757 collocaverat,
957 1711 1124 1757 reduxit,
1157 1712 1276 1762 proti-

128 1787 279 1826 nusque
300 1774 484 1819 Alesiam,
505 1773 608 1823 quod
627 1780 686 1810 est
705 1772 888 1823 oppidum
912 1771 1227 1821 Mandubiorum,
1248 1775 1278 1812 i-

127 1837 334 1874 ter'facere
351 1835 499 1885 coepit;
518 1833 771 1884 celeriterque
788 1833 1060 1883 impedimenta
1076 1847 1125 1871 ex
1143 1836 1277 1873 castris

127 1898 256 1945 educi,
271 1905 310 1935 et
325 1910 365 1935 se
379 1895 573 1946 subsequi,
588 1894 713 1945 jussit.
769 1895 923 1940 Caesar,
940 1895 1221 1945 impedimentis
1237 1897 1276 1934 in

125 1959 344 2011 proximum
385 1958 523 1996 collem
566 1956 756 2003 deductis,
802 1956 1027 2007 duabusque
1058 1957 1276 2007 legionibus

125 2020 318 2072 praesidio
338 2019 494 2065 relictis,
512 2025 713 2069 sequutus,
744 2024 929 2069 quantum
959 2018 1033 2056 diei
1049 2025 1199 2069 tempus
1218 2026 1277 2057 est

127 2094 294 2133 passum,
326 2080 479 2118 circiter
508 2091 559 2116 111
592 2079 758 2116 millibus
789 2078 956 2116 hostium
989 2092 1039 2116 ex
1070 2079 1276 2118 novissimo

128 2141 280 2192 agmine
302 2141 529 2187 interfectis,
548 2140 669 2177 altero
689 2140 751 2177 die
771 2139 819 2177 ad
836 2140 1006 2177 Alesiam
1026 2149 1152 2177 castra
1170 2140 1276 2179 fecit.

129 2200 341 2252 Perspecto
374 2201 477 2239 urbis
510 2201 599 2246 situ,
631 2200 922 2251 perterritisque
953 2200 1140 2246 hostibus,
1171 2201 1275 2252 quod

129 2262 318 2313 equitatu,
352 2275 426 2313 qua
450 2262 616 2300 maxime
643 2269 753 2313 parte
787 2261 983 2299 exercitus
1015 2261 1274 2309 confidebant,
