1556 2683
584 292 751 331 LIBER
805 293 838 331 1.
1251 297 1301 332 33

142 403 209 436 ‘um
233 404 306 444 est,
327 398 371 436 C.
390 397 587 436 Valerium
608 397 833 444 Procillum,
854 397 898 435 C.
919 396 955 432 V
957 396 1063 434 alerii
1084 396 1228 434 Caburi
1258 397 1302 435 fi-

143 459 251 506 lium,
294 473 443 497 sumnia
477 460 619 497 virtute
648 467 686 496 et
723 459 961 497 humanitate
998 459 1302 506 adolescentem,

146 520 280 572 (cujus
315 529 425 572 pater
454 535 477 559 a
509 522 554 558 C.
589 520 742 558 Valerio
774 520 914 557 Flacco
949 519 1105 557 civitate
1136 520 1303 558 donatus

143 583 248 634 crat)
285 592 323 620 et
342 590 500 634 propter
524 582 654 628 fldem,
693 589 732 619 et
762 589 923 632 propter
942 581 1097 631 linguae
1129 580 1305 618 Gallicae

142 644 356 689 scientiam,
391 656 466 694 qua
485 643 605 680 multa
619 645 699 693 jam
723 642 953 687 Ariovistus,
981 643 1193 693 longinqua
1213 655 1305 679 con-

140 705 358 750 suetudine,
380 705 574 749 utebatur,
608 711 647 741 et
678 704 783 754 quod
804 703 841 740 in
862 716 908 741 eo
930 703 1119 754 peccandi
1141 703 1306 741 Germa-

141 766 200 803 niS
220 779 354 804 caussa
374 779 450 803 non
471 775 586 811 esset,
607 766 656 803 ad
671 779 760 802 eum
777 765 945 810 mittere,
967 772 1004 802 et
1028 765 1083 802 M.
1106 765 1306 811 Mettium,

143 828 209 878 qui
243 827 410 878 hospitio
431 827 616 864 Ariovisti
648 840 738 864 usus
764 834 858 865 erat.
915 826 988 863 His
1008 826 1218 872 mandavit,
1250 833 1308 873 ut,

141 901 241 939 quae
261 889 410 926 diceret
432 889 663 934 Ariovistus,
685 896 983 939 cognoscerent,
1005 896 1045 926 et
1063 888 1111 925 ad
1127 900 1167 925 se
1188 888 1309 926 refer-'

141 958 239 988 rent.
295 952 402 993 Quos
423 964 540 1001 quum
568 950 670 1001 apud
689 964 730 988 se
751 951 789 987 in
809 950 943 988 castris
979 949 1196 987 Ariovistus
1217 963 1310 987 con-

142 1012 346 1062 spexisset,
380 1012 557 1049 exercitu
576 1025 646 1050 suo
665 1019 860 1063 presente,
882 1011 1162 1048 conclamavit:
1203 1010 1309 1053 Quid

139 1073 189 1110 ad
209 1086 250 1110 se
271 1073 472 1111 venirent?
511 1086 560 1110 an
580 1073 806 1124 speculandi
840 1073 1001 1110 caussa?
1043 1081 1230 1110 conantes
1251 1073 1308 1110 di-

139 1147 229 1172 cere
248 1135 458 1185 prohibuit‚
479 1142 518 1172 et
538 1135 576 1171 in
597 1141 754 1172 catenas
774 1134 957 1184 conjecit.

191 1195 380 1233 XLVIII.
438 1196 585 1234 Eodem
606 1196 669 1233 die
690 1203 817 1233 castra
843 1196 1048 1247 promovit,
1081 1203 1122 1233 et
1141 1196 1311 1234 millibus

137 1269 325 1308 passuum
354 1269 399 1294 vx
426 1270 449 1294 a
475 1257 652 1295 Caesaris
687 1257 822 1294 castris
854 1258 925 1294 sub
957 1265 1089 1295 monte
1121 1258 1310 1296 consedit.

138 1318 331 1356 Postridie
352 1320 434 1368 ejus
454 1318 531 1356 diei
550 1328 706 1368 praeter
725 1327 852 1356 castra
872 1319 1048 1356 Caesaris
1067 1332 1155 1356 suas
1177 1319 1308 1370 copias

138 1380 372 1425 transduxit,
393 1388 433 1418 et
447 1380 613 1417 millibus
634 1393 814 1431 passuum
832 1392 865 1417 11
888 1381 987 1421 ultra
1003 1394 1091 1418 eum
1108 1388 1234 1418 castra
1253 1381 1310 1419 fe-

138 1440 208 1486 cit,
228 1453 277 1478 eo
299 1441 475 1487 consilio,
508 1440 563 1478 uti
582 1440 792 1487 frumento,
824 1449 1136 1492 commeatuque,
1172 1443 1236 1492 qui
1257 1456 1309 1480 ex

140 1502 330 1553 Sequanis
349 1510 389 1540 et
403 1502 552 1540 Aeduis
565 1509 873 1553 supportaretur,
896 1504 1102 1540 Caesarem
1122 1504 1310 1542 interclu-

138 1563 263 1601 deret.
320 1563 381 1600 Ex
402 1576 448 1602 eo
469 1564 531 1601 die
551 1563 634 1601 dies
654 1564 858 1602 continuos
880 1576 907 1600 v
928 1564 1070 1602 Caesar
1086 1578 1156 1615 pro
1173 1566 1309 1603 castris

137 1636 225 1661 suas
246 1623 376 1674 copias
396 1624 594 1675 produxit,
628 1631 667 1662 et
686 1624 809 1661 aciem
831 1625 1058 1663 instructam
1081 1626 1230 1671 habuit,
1252 1634 1310 1674 ut,

138 1686 171 1723 si
185 1685 302 1723 vellet
319 1685 539 1722 Ariovistus
552 1685 700 1736 proelio
715 1686 966 1732 contendere,
987 1687 1022 1724 ei
1042 1695 1214 1737 potestas
1229 1701 1310 1726 non

136 1747 303 1785 deesset.
363 1746 582 1783 Ariovistus
614 1746 673 1784 his
706 1747 884 1784 omnibus
915 1748 1050 1785 dIebus
1084 1749 1305 1788 exercitum

136 1809 272 1847 castris
291 1808 484 1846 continuit
502 1823 512 1845 :
533 1808 704 1859 equestri
724 1809 872 1859 proelio
893 1810 1066 1860 quotidie
1089 1811 1308 1849 contendit.

137 1870 275 1909 Genus
294 1871 369 1908 hoc
391 1877 474 1907 erat
493 1883 661 1921 pugnae,
682 1883 757 1920 quo
773 1883 813 1908 se
830 1870 1016 1909 Germani
1033 1880 1306 1910 exercuerant.

137 1932 324 1983 Equitum
336 1932 456 1969 millia
471 1940 579 1969 erant
594 1944 653 1978 vr,
675 1932 837 1970 totidem
851 1946 1012 1971 numero
1032 1933 1183 1984 pedites
1197 1934 1303 1971 velo-

137 1995 292 2040 cissimi,
313 2007 359 2032 ac
378 1993 588 2039 fortissimi,
610 2006 705 2044 quos
725 2006 774 2031 ex
796 1994 900 2031 omni
920 1995 1046 2046 copia,
1067 1995 1207 2046 singuli
1227 1995 1305 2033 sin-

137 2056 263 2106 gulos,
280 2069 370 2093 suae
386 2055 519 2093 salutis
532 2069 680 2102 caussa,
700 2056 938 2106 delegerant,
965 2069 1053 2094 cum
1067 2056 1125 2093 his
1142 2057 1178 2093 in
1194 2070 1306 2108 proe-

136 2118 197 2155 liis
215 2118 490 2155 versabantur:
519 2118 568 2155 ad
588 2118 656 2155 hos
676 2130 717 2155 se
737 2118 886 2168 equites
905 2119 1140 2169 recipiebant
1159 2133 1168 2155 :
1198 2119 1252 2165 hi,
1273 2118 1305 2156 si

135 2179 231 2230 quid
250 2187 334 2217 erat
354 2179 500 2226 durius,
521 2180 828 2218 concurrebant:
865 2180 895 2217 si
917 2181 996 2231 qui,
1023 2181 1200 2231 graviore
1219 2180 1303 2217 vul-

138 2254 230 2279 nere
249 2249 429 2292 accepto,
449 2254 550 2292 equo
566 2241 779 2287 deciderat,
800 2241 1158 2285 circumsistebant,
1177 2243 1208 2279 si
1224 2255 1301 2293 quo

136 2308 221 2339 erat
251 2302 404 2352 longius
423 2302 710 2353 prodeundum,
744 2310 811 2341 aut
830 2303 994 2340 celerius
1022 2302 1302 2355 recipiendum,

190 2362 301 2400 ΤοΜ.
331 2362 362 2400 Ι.
705 2362 738 2399 Ε
