<?xml version="1.0" encoding="UTF-8"?>
<!DOCTYPE html PUBLIC "-//W3C//DTD XHTML 1.0 Transitional//EN"
    "http://www.w3.org/TR/xhtml1/DTD/xhtml1-transitional.dtd">
<html xmlns="http://www.w3.org/1999/xhtml" xml:lang="en" lang="en">
 <head>
  <title>
</title>
<meta http-equiv="Content-Type" content="text/html;charset=utf-8" />
  <meta name='ocr-system' content='tesseract 3.04.00' />
  <meta name='ocr-capabilities' content='ocr_page ocr_carea ocr_par ocr_line ocrx_word'/>
</head>
<body>
  <div class='ocr_page' id='page_1' title='image "./debellogallicoet01caesuoft_0077.png"; bbox 0 0 1556 2683; ppageno 0'>
   <div class='ocr_carea' id='block_1_1' title="bbox 556 279 1294 319">
    <p class='ocr_par' dir='ltr' id='par_1_1' title="bbox 556 279 1294 319">
     <span class='ocr_line' id='line_1_1' title="bbox 556 279 1294 319; baseline 0.004 -3"><span class='ocrx_word' id='word_1_1' title='bbox 556 279 721 316; x_wconf 84' lang='lat' dir='ltr'>LIBER</span> <span class='ocrx_word' id='word_1_2' title='bbox 775 279 828 318; x_wconf 90' lang='grc' dir='ltr'>ΙΙ.</span> <span class='ocrx_word' id='word_1_3' title='bbox 1245 283 1294 319; x_wconf 77' lang='lat'>53</span> 
     </span>
    </p>
   </div>
   <div class='ocr_carea' id='block_1_2' title="bbox 125 382 1293 2380">
    <p class='ocr_par' dir='ltr' id='par_1_2' title="bbox 137 382 1293 1344">
     <span class='ocr_line' id='line_1_2' title="bbox 148 382 1293 433; baseline -0.002 -12"><span class='ocrx_word' id='word_1_4' title='bbox 148 383 347 433; x_wconf 79' lang='lat' dir='ltr'>oppidum,</span> <span class='ocrx_word' id='word_1_5' title='bbox 361 383 516 433; x_wconf 66' lang='lat' dir='ltr'>egregie)</span> <span class='ocrx_word' id='word_1_6' title='bbox 531 390 664 420; x_wconf 78' lang='lat' dir='ltr'>natura·</span> <span class='ocrx_word' id='word_1_7' title='bbox 678 384 880 428; x_wconf 87' lang='lat' dir='ltr'>munitum,</span> <span class='ocrx_word' id='word_1_8' title='bbox 894 382 1152 420; x_wconf 84' lang='lat' dir='ltr'>contulerunt.</span> <span class='ocrx_word' id='word_1_9' title='bbox 1176 382 1293 424; x_wconf 80' lang='lat' dir='ltr'>Quod</span> 
     </span>
     <span class='ocr_line' id='line_1_3' title="bbox 146 443 1293 494; baseline -0.001 -13"><span class='ocrx_word' id='word_1_10' title='bbox 146 457 264 494; x_wconf 77' lang='lat' dir='ltr'>vquum</span> <span class='ocrx_word' id='word_1_11' title='bbox 298 458 347 482; x_wconf 92' lang='lat' dir='ltr'>ex</span> <span class='ocrx_word' id='word_1_12' title='bbox 379 444 553 480; x_wconf 74' lang='lat' dir='ltr'>omnibus</span> <span class='ocrx_word' id='word_1_13' title='bbox 574 444 609 479; x_wconf 90' lang='lat' dir='ltr'>in</span> <span class='ocrx_word' id='word_1_14' title='bbox 631 444 794 482; x_wconf 86' lang='lat' dir='ltr'>circuitu</span> <span class='ocrx_word' id='word_1_15' title='bbox 813 443 984 494; x_wconf 85' lang='lat' dir='ltr'>partibus</span> <span class='ocrx_word' id='word_1_16' title='bbox 1011 443 1211 480; x_wconf 81' lang='lat' dir='ltr'>altissimas</span> <span class='ocrx_word' id='word_1_17' title='bbox 1230 455 1293 480; x_wconf 83' lang='lat' dir='ltr'>ru-</span> 
     </span>
     <span class='ocr_line' id='line_1_4' title="bbox 148 502 1292 556; baseline -0.003 -14"><span class='ocrx_word' id='word_1_18' title='bbox 148 518 216 554; x_wconf 83' lang='lat' dir='ltr'>pes</span> <span class='ocrx_word' id='word_1_19' title='bbox 236 506 516 556; x_wconf 81' lang='lat' dir='ltr'>despectusque</span> <span class='ocrx_word' id='word_1_20' title='bbox 536 504 709 550; x_wconf 80' lang='lat' dir='ltr'>haberet,</span> <span class='ocrx_word' id='word_1_21' title='bbox 737 517 810 541; x_wconf 87' lang='lat' dir='ltr'>una</span> <span class='ocrx_word' id='word_1_22' title='bbox 827 517 874 541; x_wconf 85' lang='lat' dir='ltr'>ex</span> <span class='ocrx_word' id='word_1_23' title='bbox 890 511 998 553; x_wconf 81' lang='lat' dir='ltr'>parte</span> <span class='ocrx_word' id='word_1_24' title='bbox 1019 504 1156 540; x_wconf 85' lang='lat' dir='ltr'>leniter</span> <span class='ocrx_word' id='word_1_25' title='bbox 1174 502 1292 540; x_wconf 84' lang='lat' dir='ltr'>accli-</span> 
     </span>
     <span class='ocr_line' id='line_1_5' title="bbox 147 563 1292 614; baseline 0 -15"><span class='ocrx_word' id='word_1_26' title='bbox 147 565 202 601; x_wconf 89' lang='lat' dir='ltr'>vis</span> <span class='ocrx_word' id='word_1_27' title='bbox 221 565 359 611; x_wconf 86' lang='lat' dir='ltr'>aditus,</span> <span class='ocrx_word' id='word_1_28' title='bbox 392 565 429 601; x_wconf 90' lang='lat' dir='ltr'>in</span> <span class='ocrx_word' id='word_1_29' title='bbox 449 564 690 601; x_wconf 80' lang='lat' dir='ltr'>latitudinem</span> <span class='ocrx_word' id='word_1_30' title='bbox 710 577 784 601; x_wconf 88' lang='lat' dir='ltr'>non</span> <span class='ocrx_word' id='word_1_31' title='bbox 806 564 967 614; x_wconf 81' lang='lat' dir='ltr'>amplius</span> <span class='ocrx_word' id='word_1_32' title='bbox 990 576 1038 601; x_wconf 89' lang='lat' dir='ltr'>cc</span> <span class='ocrx_word' id='word_1_33' title='bbox 1059 563 1214 613; x_wconf 85' lang='lat' dir='ltr'>pedum,</span> <span class='ocrx_word' id='word_1_34' title='bbox 1233 576 1292 600; x_wconf 84' lang='lat' dir='ltr'>re·</span> 
     </span>
     <span class='ocr_line' id='line_1_6' title="bbox 148 625 1293 677; baseline -0.002 -15"><span class='ocrx_word' id='word_1_35' title='bbox 148 627 413 677; x_wconf 87' lang='lat' dir='ltr'>linquebatur;</span> <span class='ocrx_word' id='word_1_36' title='bbox 442 638 554 676; x_wconf 83' lang='lat' dir='ltr'>quem</span> <span class='ocrx_word' id='word_1_37' title='bbox 575 625 700 663; x_wconf 89' lang='lat' dir='ltr'>locum</span> <span class='ocrx_word' id='word_1_38' title='bbox 722 625 865 676; x_wconf 85' lang='lat' dir='ltr'>duplici</span> <span class='ocrx_word' id='word_1_39' title='bbox 886 625 1069 662; x_wconf 77' lang='lat' dir='ltr'>altissimo</span> <span class='ocrx_word' id='word_1_40' title='bbox 1087 636 1196 661; x_wconf 89' lang='lat' dir='ltr'>muro</span> <span class='ocrx_word' id='word_1_41' title='bbox 1209 637 1293 660; x_wconf 90' lang='lat' dir='ltr'>mu-</span> 
     </span>
     <span class='ocr_line' id='line_1_7' title="bbox 148 685 1293 736; baseline 0 -14"><span class='ocrx_word' id='word_1_42' title='bbox 148 686 323 724; x_wconf 85' lang='lat' dir='ltr'>nierant:</span> <span class='ocrx_word' id='word_1_43' title='bbox 344 693 424 723; x_wconf 90' lang='lat' dir='ltr'>tum</span> <span class='ocrx_word' id='word_1_44' title='bbox 445 685 572 735; x_wconf 84' lang='lat' dir='ltr'>magni</span> <span class='ocrx_word' id='word_1_45' title='bbox 593 685 772 736; x_wconf 86' lang='lat' dir='ltr'>ponderis</span> <span class='ocrx_word' id='word_1_46' title='bbox 789 699 895 731; x_wconf 83' lang='lat' dir='ltr'>saxa,</span> <span class='ocrx_word' id='word_1_47' title='bbox 915 693 954 723; x_wconf 88' lang='lat' dir='ltr'>et</span> <span class='ocrx_word' id='word_1_48' title='bbox 972 692 1198 736; x_wconf 82' lang='lat' dir='ltr'>praeacutas</span> <span class='ocrx_word' id='word_1_49' title='bbox 1217 692 1293 722; x_wconf 85' lang='lat' dir='ltr'>tra-</span> 
     </span>
     <span class='ocr_line' id='line_1_8' title="bbox 145 745 1292 798; baseline -0.001 -14"><span class='ocrx_word' id='word_1_50' title='bbox 145 747 227 792; x_wconf 89' lang='lat' dir='ltr'>bes,</span> <span class='ocrx_word' id='word_1_51' title='bbox 247 747 285 783; x_wconf 89' lang='lat' dir='ltr'>in</span> <span class='ocrx_word' id='word_1_52' title='bbox 305 760 414 784; x_wconf 85' lang='lat' dir='ltr'>muro</span> <span class='ocrx_word' id='word_1_53' title='bbox 430 747 675 784; x_wconf 74' lang='lat' dir='ltr'>collocarunt.</span> <span class='ocrx_word' id='word_1_54' title='bbox 715 747 791 798; x_wconf 89' lang='lat' dir='ltr'>Ipsi</span> <span class='ocrx_word' id='word_1_55' title='bbox 811 754 920 784; x_wconf 82' lang='lat' dir='ltr'>erant</span> <span class='ocrx_word' id='word_1_56' title='bbox 939 759 988 784; x_wconf 84' lang='lat' dir='ltr'>ex</span> <span class='ocrx_word' id='word_1_57' title='bbox 1005 745 1170 784; x_wconf 82' lang='lat' dir='ltr'>Cimbris</span> <span class='ocrx_word' id='word_1_58' title='bbox 1189 745 1292 783; x_wconf 72' lang='lat' dir='ltr'>Teu-</span> 
     </span>
     <span class='ocr_line' id='line_1_9' title="bbox 145 807 1290 859; baseline -0.001 -15"><span class='ocrx_word' id='word_1_59' title='bbox 145 808 321 859; x_wconf 82' lang='lat' dir='ltr'>tonisque</span> <span class='ocrx_word' id='word_1_60' title='bbox 340 807 542 858; x_wconf 78' lang='lat' dir='ltr'>prognati:</span> <span class='ocrx_word' id='word_1_61' title='bbox 564 807 642 858; x_wconf 89' lang='lat' dir='ltr'>qui,</span> <span class='ocrx_word' id='word_1_62' title='bbox 663 821 778 858; x_wconf 88' lang='lat' dir='ltr'>quum</span> <span class='ocrx_word' id='word_1_63' title='bbox 800 808 872 844; x_wconf 81' lang='lat' dir='ltr'>iter</span> <span class='ocrx_word' id='word_1_64' title='bbox 891 807 928 844; x_wconf 90' lang='lat' dir='ltr'>in</span> <span class='ocrx_word' id='word_1_65' title='bbox 948 807 1182 858; x_wconf 85' lang='lat' dir='ltr'>provinciam</span> <span class='ocrx_word' id='word_1_66' title='bbox 1201 820 1290 843; x_wconf 87' lang='lat' dir='ltr'>nos-</span> 
     </span>
     <span class='ocr_line' id='line_1_10' title="bbox 143 868 1290 920; baseline -0.002 -14"><span class='ocrx_word' id='word_1_67' title='bbox 143 876 241 906; x_wconf 80' lang='lat' dir='ltr'>tram</span> <span class='ocrx_word' id='word_1_68' title='bbox 270 876 387 920; x_wconf 88' lang='lat' dir='ltr'>atque</span> <span class='ocrx_word' id='word_1_69' title='bbox 418 869 567 906; x_wconf 85' lang='lat' dir='ltr'>Italiam</span> <span class='ocrx_word' id='word_1_70' title='bbox 596 868 780 914; x_wconf 83' lang='lat' dir='ltr'>facerent,</span> <span class='ocrx_word' id='word_1_71' title='bbox 814 869 856 906; x_wconf 85' lang='lat' dir='ltr'>iis</span> <span class='ocrx_word' id='word_1_72' title='bbox 877 868 1172 919; x_wconf 86' lang='lat' dir='ltr'>impedimentis,</span> <span class='ocrx_word' id='word_1_73' title='bbox 1191 881 1290 919; x_wconf 81' lang='lat' dir='ltr'>quae</span> 
     </span>
     <span class='ocr_line' id='line_1_11' title="bbox 143 929 1290 980; baseline -0.003 -12"><span class='ocrx_word' id='word_1_74' title='bbox 143 942 275 968; x_wconf 84' lang='lat' dir='ltr'>secum</span> <span class='ocrx_word' id='word_1_75' title='bbox 302 943 417 980; x_wconf 76' lang='lat' dir='ltr'>agere</span> <span class='ocrx_word' id='word_1_76' title='bbox 437 943 482 967; x_wconf 82' lang='lat' dir='ltr'>ac</span> <span class='ocrx_word' id='word_1_77' title='bbox 513 938 665 980; x_wconf 78' lang='lat' dir='ltr'>portare</span> <span class='ocrx_word' id='word_1_78' title='bbox 692 943 767 966; x_wconf 89' lang='lat' dir='ltr'>non</span> <span class='ocrx_word' id='word_1_79' title='bbox 799 938 992 980; x_wconf 84' lang='lat' dir='ltr'>poterant,</span> <span class='ocrx_word' id='word_1_80' title='bbox 1019 929 1116 968; x_wconf 84' lang='lat' dir='ltr'>citra</span> <span class='ocrx_word' id='word_1_81' title='bbox 1145 930 1290 966; x_wconf 87' lang='lat' dir='ltr'>flumen</span> 
     </span>
     <span class='ocr_line' id='line_1_12' title="bbox 143 990 1288 1041; baseline -0.002 -13"><span class='ocrx_word' id='word_1_82' title='bbox 143 990 322 1029; x_wconf 82' lang='lat' dir='ltr'>Rhenum</span> <span class='ocrx_word' id='word_1_83' title='bbox 344 991 540 1041; x_wconf 79' lang='lat' dir='ltr'>depositis,</span> <span class='ocrx_word' id='word_1_84' title='bbox 579 991 776 1028; x_wconf 82' lang='lat' dir='ltr'>custodiae</span> <span class='ocrx_word' id='word_1_85' title='bbox 795 1004 844 1028; x_wconf 88' lang='lat' dir='ltr'>ex</span> <span class='ocrx_word' id='word_1_86' title='bbox 865 991 941 1027; x_wconf 84' lang='lat' dir='ltr'>suis</span> <span class='ocrx_word' id='word_1_87' title='bbox 961 1003 1006 1028; x_wconf 84' lang='lat' dir='ltr'>ac</span> <span class='ocrx_word' id='word_1_88' title='bbox 1025 990 1216 1041; x_wconf 85' lang='lat' dir='ltr'>praesidio</span> <span class='ocrx_word' id='word_1_89' title='bbox 1242 1001 1288 1027; x_wconf 80' lang='lat' dir='ltr'>vt</span> 
     </span>
     <span class='ocr_line' id='line_1_13' title="bbox 140 1051 1287 1102; baseline -0.002 -13"><span class='ocrx_word' id='word_1_90' title='bbox 140 1053 257 1090; x_wconf 86' lang='lat' dir='ltr'>millia</span> <span class='ocrx_word' id='word_1_91' title='bbox 289 1053 484 1090; x_wconf 86' lang='lat' dir='ltr'>hominum</span> <span class='ocrx_word' id='word_1_92' title='bbox 515 1064 591 1088; x_wconf 83' lang='lat' dir='ltr'>una</span> <span class='ocrx_word' id='word_1_93' title='bbox 619 1051 869 1101; x_wconf 88' lang='lat' dir='ltr'>reliquerunt.</span> <span class='ocrx_word' id='word_1_94' title='bbox 934 1052 1003 1097; x_wconf 87' lang='lat' dir='ltr'>Hi,</span> <span class='ocrx_word' id='word_1_95' title='bbox 1033 1058 1120 1102; x_wconf 85' lang='lat' dir='ltr'>post</span> <span class='ocrx_word' id='word_1_96' title='bbox 1151 1063 1287 1088; x_wconf 89' lang='lat' dir='ltr'>eorum</span> 
     </span>
     <span class='ocr_line' id='line_1_14' title="bbox 141 1111 1288 1162; baseline -0.003 -12"><span class='ocrx_word' id='word_1_97' title='bbox 141 1113 285 1150; x_wconf 89' lang='lat' dir='ltr'>obitum</span> <span class='ocrx_word' id='word_1_98' title='bbox 306 1112 446 1148; x_wconf 88' lang='lat' dir='ltr'>multos</span> <span class='ocrx_word' id='word_1_99' title='bbox 466 1124 585 1148; x_wconf 82' lang='lat' dir='ltr'>annos</span> <span class='ocrx_word' id='word_1_100' title='bbox 605 1124 626 1148; x_wconf 84' lang='lat' dir='ltr'>a</span> <span class='ocrx_word' id='word_1_101' title='bbox 643 1111 812 1148; x_wconf 89' lang='lat' dir='ltr'>finitimis</span> <span class='ocrx_word' id='word_1_102' title='bbox 842 1112 1041 1161; x_wconf 76' lang='lat' dir='ltr'>exagitati,</span> <span class='ocrx_word' id='word_1_103' title='bbox 1061 1125 1177 1162; x_wconf 88' lang='lat' dir='ltr'>quum</span> <span class='ocrx_word' id='word_1_104' title='bbox 1196 1112 1288 1148; x_wconf 76' lang='lat' dir='ltr'>alias</span> 
     </span>
     <span class='ocr_line' id='line_1_15' title="bbox 139 1171 1286 1218; baseline 0 -8"><span class='ocrx_word' id='word_1_105' title='bbox 139 1173 282 1210; x_wconf 88' lang='lat' dir='ltr'>bellum</span> <span class='ocrx_word' id='word_1_106' title='bbox 303 1173 502 1218; x_wconf 83' lang='lat' dir='ltr'>inferrent,</span> <span class='ocrx_word' id='word_1_107' title='bbox 522 1172 613 1209; x_wconf 83' lang='lat' dir='ltr'>alias</span> <span class='ocrx_word' id='word_1_108' title='bbox 633 1172 780 1209; x_wconf 84' lang='lat' dir='ltr'>illatum</span> <span class='ocrx_word' id='word_1_109' title='bbox 808 1171 1075 1218; x_wconf 86' lang='lat' dir='ltr'>defenderent,</span> <span class='ocrx_word' id='word_1_110' title='bbox 1095 1185 1286 1210; x_wconf 87' lang='lat' dir='ltr'>consensu</span> 
     </span>
     <span class='ocr_line' id='line_1_16' title="bbox 139 1233 1286 1284; baseline -0.001 -13"><span class='ocrx_word' id='word_1_111' title='bbox 139 1247 271 1271; x_wconf 86' lang='lat' dir='ltr'>eorum</span> <span class='ocrx_word' id='word_1_112' title='bbox 291 1234 475 1279; x_wconf 77' lang='lat' dir='ltr'>omnium,</span> <span class='ocrx_word' id='word_1_113' title='bbox 495 1247 591 1284; x_wconf 85' lang='lat' dir='ltr'>pace</span> <span class='ocrx_word' id='word_1_114' title='bbox 607 1233 723 1279; x_wconf 81' lang='lat' dir='ltr'>facta,</span> <span class='ocrx_word' id='word_1_115' title='bbox 736 1234 840 1271; x_wconf 88' lang='lat' dir='ltr'>hunc</span> <span class='ocrx_word' id='word_1_116' title='bbox 860 1234 931 1270; x_wconf 85' lang='lat' dir='ltr'>sibi</span> <span class='ocrx_word' id='word_1_117' title='bbox 950 1233 1144 1272; x_wconf 80' lang='lat' dir='ltr'>domicillo</span> <span class='ocrx_word' id='word_1_118' title='bbox 1155 1233 1286 1270; x_wconf 89' lang='lat' dir='ltr'>locum</span> 
     </span>
     <span class='ocr_line' id='line_1_17' title="bbox 137 1295 378 1344; baseline -0.004 -12"><span class='ocrx_word' id='word_1_119' title='bbox 137 1295 378 1344; x_wconf 73' lang='lat' dir='ltr'>delegerunt.</span> 
     </span>
    </p>

    <p class='ocr_par' dir='ltr' id='par_1_3' title="bbox 127 1355 1285 2126">
     <span class='ocr_line' id='line_1_18' title="bbox 188 1355 1285 1407; baseline 0.002 -15"><span class='ocrx_word' id='word_1_120' title='bbox 188 1355 314 1392; x_wconf 87' lang='lat' dir='ltr'><strong>XXX.</strong></span> <span class='ocrx_word' id='word_1_121' title='bbox 383 1356 445 1393; x_wconf 80' lang='lat' dir='ltr'>Ac</span> <span class='ocrx_word' id='word_1_122' title='bbox 476 1357 599 1407; x_wconf 79' lang='lat' dir='ltr'>primo</span> <span class='ocrx_word' id='word_1_123' title='bbox 632 1357 800 1393; x_wconf 87' lang='lat' dir='ltr'>adventu</span> <span class='ocrx_word' id='word_1_124' title='bbox 833 1357 1027 1394; x_wconf 72' lang='lat' dir='ltr'>exercitus</span> <span class='ocrx_word' id='word_1_125' title='bbox 1056 1356 1176 1394; x_wconf 83' lang='lat' dir='ltr'>nostri</span> <span class='ocrx_word' id='word_1_126' title='bbox 1203 1369 1285 1394; x_wconf 81' lang='lat' dir='ltr'>cre-</span> 
     </span>
     <span class='ocr_line' id='line_1_19' title="bbox 134 1416 1285 1469; baseline 0.001 -15"><span class='ocrx_word' id='word_1_127' title='bbox 134 1419 221 1455; x_wconf 86' lang='lat' dir='ltr'>bras</span> <span class='ocrx_word' id='word_1_128' title='bbox 255 1430 305 1454; x_wconf 88' lang='lat' dir='ltr'>ex</span> <span class='ocrx_word' id='word_1_129' title='bbox 337 1417 479 1467; x_wconf 87' lang='lat' dir='ltr'>oppido</span> <span class='ocrx_word' id='word_1_130' title='bbox 509 1418 757 1455; x_wconf 86' lang='lat' dir='ltr'>excursiones</span> <span class='ocrx_word' id='word_1_131' title='bbox 791 1416 996 1463; x_wconf 80' lang='lat' dir='ltr'>faciebant,</span> <span class='ocrx_word' id='word_1_132' title='bbox 1042 1418 1285 1469; x_wconf 80' lang='lat' dir='ltr'>parvulisque</span> 
     </span>
     <span class='ocr_line' id='line_1_20' title="bbox 134 1478 1284 1530; baseline 0.002 -15"><span class='ocrx_word' id='word_1_133' title='bbox 134 1478 289 1529; x_wconf 85' lang='lat' dir='ltr'>proeliis</span> <span class='ocrx_word' id='word_1_134' title='bbox 323 1492 409 1516; x_wconf 89' lang='lat' dir='ltr'>cum</span> <span class='ocrx_word' id='word_1_135' title='bbox 431 1478 570 1515; x_wconf 80' lang='lat' dir='ltr'>nostris</span> <span class='ocrx_word' id='word_1_136' title='bbox 591 1479 878 1516; x_wconf 84' lang='lat' dir='ltr'>contendebant</span> <span class='ocrx_word' id='word_1_137' title='bbox 896 1493 904 1515; x_wconf 90' lang='lat'>:</span> <span class='ocrx_word' id='word_1_138' title='bbox 934 1487 1079 1530; x_wconf 85' lang='lat' dir='ltr'>postea,</span> <span class='ocrx_word' id='word_1_139' title='bbox 1099 1479 1198 1517; x_wconf 88' lang='lat' dir='ltr'>vallo</span> <span class='ocrx_word' id='word_1_140' title='bbox 1217 1492 1284 1530; x_wconf 89' lang='lat' dir='ltr'>pe-</span> 
     </span>
     <span class='ocr_line' id='line_1_21' title="bbox 135 1539 1284 1591; baseline 0.001 -14"><span class='ocrx_word' id='word_1_141' title='bbox 135 1541 226 1577; x_wconf 89' lang='lat' dir='ltr'>dum</span> <span class='ocrx_word' id='word_1_142' title='bbox 246 1552 325 1585; x_wconf 80' lang='lat' dir='ltr'>xu,</span> <span class='ocrx_word' id='word_1_143' title='bbox 356 1539 394 1576; x_wconf 91' lang='lat' dir='ltr'>in</span> <span class='ocrx_word' id='word_1_144' title='bbox 427 1539 593 1577; x_wconf 85' lang='lat' dir='ltr'>circuitu</span> <span class='ocrx_word' id='word_1_145' title='bbox 612 1551 668 1576; x_wconf 83' lang='lat' dir='ltr'>xv</span> <span class='ocrx_word' id='word_1_146' title='bbox 688 1539 861 1585; x_wconf 86' lang='lat' dir='ltr'>millium,</span> <span class='ocrx_word' id='word_1_147' title='bbox 895 1540 1115 1591; x_wconf 84' lang='lat' dir='ltr'>crebrisque</span> <span class='ocrx_word' id='word_1_148' title='bbox 1148 1541 1284 1578; x_wconf 84' lang='lat' dir='ltr'>castel-</span> 
     </span>
     <span class='ocr_line' id='line_1_22' title="bbox 133 1600 1283 1651; baseline -0.002 -11"><span class='ocrx_word' id='word_1_149' title='bbox 133 1603 179 1640; x_wconf 87' lang='lat' dir='ltr'>lis</span> <span class='ocrx_word' id='word_1_150' title='bbox 199 1601 497 1646; x_wconf 79' lang='lat' dir='ltr'>circummuniti,</span> <span class='ocrx_word' id='word_1_151' title='bbox 528 1600 670 1651; x_wconf 89' lang='lat' dir='ltr'>oppido</span> <span class='ocrx_word' id='word_1_152' title='bbox 689 1614 772 1637; x_wconf 85' lang='lat' dir='ltr'>sese</span> <span class='ocrx_word' id='word_1_153' title='bbox 803 1601 1064 1639; x_wconf 84' lang='lat' dir='ltr'>continebant.</span> <span class='ocrx_word' id='word_1_154' title='bbox 1119 1602 1211 1647; x_wconf 88' lang='lat' dir='ltr'>Ubi,</span> <span class='ocrx_word' id='word_1_155' title='bbox 1231 1602 1283 1639; x_wconf 90' lang='lat' dir='ltr'>vi-</span> 
     </span>
     <span class='ocr_line' id='line_1_23' title="bbox 134 1662 1284 1713; baseline -0.001 -12"><span class='ocrx_word' id='word_1_156' title='bbox 134 1664 216 1701; x_wconf 89' lang='lat' dir='ltr'>neis</span> <span class='ocrx_word' id='word_1_157' title='bbox 236 1663 346 1708; x_wconf 83' lang='lat' dir='ltr'>actis,</span> <span class='ocrx_word' id='word_1_158' title='bbox 378 1675 521 1713; x_wconf 84' lang='lat' dir='ltr'>aggere</span> <span class='ocrx_word' id='word_1_159' title='bbox 541 1669 756 1707; x_wconf 84' lang='lat' dir='ltr'>exstructo,</span> <span class='ocrx_word' id='word_1_160' title='bbox 787 1662 919 1699; x_wconf 85' lang='lat' dir='ltr'>turrim</span> <span class='ocrx_word' id='word_1_161' title='bbox 938 1663 1072 1712; x_wconf 89' lang='lat' dir='ltr'>procul</span> <span class='ocrx_word' id='word_1_162' title='bbox 1101 1663 1284 1700; x_wconf 88' lang='lat' dir='ltr'>constitui</span> 
     </span>
     <span class='ocr_line' id='line_1_24' title="bbox 131 1722 1280 1774; baseline 0 -12"><span class='ocrx_word' id='word_1_163' title='bbox 131 1725 322 1770; x_wconf 81' lang='lat' dir='ltr'>viderunt,</span> <span class='ocrx_word' id='word_1_164' title='bbox 344 1724 508 1774; x_wconf 87' lang='lat' dir='ltr'>primum</span> <span class='ocrx_word' id='word_1_165' title='bbox 524 1722 682 1760; x_wconf 88' lang='lat' dir='ltr'>irridere</span> <span class='ocrx_word' id='word_1_166' title='bbox 701 1736 749 1760; x_wconf 84' lang='lat' dir='ltr'>ex</span> <span class='ocrx_word' id='word_1_167' title='bbox 769 1735 893 1767; x_wconf 79' lang='lat' dir='ltr'>mum,</span> <span class='ocrx_word' id='word_1_168' title='bbox 914 1730 1028 1773; x_wconf 81' lang='lat' dir='ltr'>atque</span> <span class='ocrx_word' id='word_1_169' title='bbox 1048 1723 1280 1773; x_wconf 83' lang='lat' dir='ltr'>increpitare</span> 
     </span>
     <span class='ocr_line' id='line_1_25' title="bbox 131 1783 1282 1835; baseline -0.002 -13"><span class='ocrx_word' id='word_1_170' title='bbox 131 1785 305 1830; x_wconf 86' lang='lat' dir='ltr'>vocibus,</span> <span class='ocrx_word' id='word_1_171' title='bbox 343 1798 418 1835; x_wconf 91' lang='lat' dir='ltr'>quo</span> <span class='ocrx_word' id='word_1_172' title='bbox 450 1791 557 1821; x_wconf 83' lang='lat' dir='ltr'>tanta</span> <span class='ocrx_word' id='word_1_173' title='bbox 575 1783 809 1820; x_wconf 80' lang='lat' dir='ltr'>machinatio</span> <span class='ocrx_word' id='word_1_174' title='bbox 838 1783 884 1820; x_wconf 84' lang='lat' dir='ltr'>ab</span> <span class='ocrx_word' id='word_1_175' title='bbox 905 1790 1012 1819; x_wconf 86' lang='lat' dir='ltr'>tanto</span> <span class='ocrx_word' id='word_1_176' title='bbox 1033 1783 1156 1834; x_wconf 84' lang='lat' dir='ltr'>spatio</span> <span class='ocrx_word' id='word_1_177' title='bbox 1175 1783 1282 1821; x_wconf 86' lang='lat' dir='ltr'>insti-</span> 
     </span>
     <span class='ocr_line' id='line_1_26' title="bbox 132 1844 1281 1896; baseline -0.001 -13"><span class='ocrx_word' id='word_1_178' title='bbox 132 1853 329 1887; x_wconf 59' lang='lat' dir='ltr'>meretum</span> <span class='ocrx_word' id='word_1_179' title='bbox 367 1845 592 1896; x_wconf 85' lang='lat' dir='ltr'>quibusnam</span> <span class='ocrx_word' id='word_1_180' title='bbox 630 1845 821 1889; x_wconf 81' lang='lat' dir='ltr'>manibus,</span> <span class='ocrx_word' id='word_1_181' title='bbox 854 1852 920 1881; x_wconf 82' lang='lat' dir='ltr'>aut</span> <span class='ocrx_word' id='word_1_182' title='bbox 952 1844 1088 1894; x_wconf 86' lang='lat' dir='ltr'>quibus</span> <span class='ocrx_word' id='word_1_183' title='bbox 1122 1845 1281 1891; x_wconf 83' lang='lat' dir='ltr'>viribus,</span> 
     </span>
     <span class='ocr_line' id='line_1_27' title="bbox 130 1902 1281 1957; baseline -0.004 -14"><span class='ocrx_word' id='word_1_184' title='bbox 130 1906 354 1957; x_wconf 83' lang='lat' dir='ltr'>praesertim</span> <span class='ocrx_word' id='word_1_185' title='bbox 387 1905 562 1943; x_wconf 87' lang='lat' dir='ltr'>homines</span> <span class='ocrx_word' id='word_1_186' title='bbox 587 1904 757 1942; x_wconf 78' lang='lat' dir='ltr'>tantulae</span> <span class='ocrx_word' id='word_1_187' title='bbox 777 1911 947 1941; x_wconf 83' lang='lat' dir='ltr'>staturae</span> <span class='ocrx_word' id='word_1_188' title='bbox 985 1903 1095 1955; x_wconf 85' lang='lat' dir='ltr'>(nam</span> <span class='ocrx_word' id='word_1_189' title='bbox 1114 1902 1281 1953; x_wconf 85' lang='lat' dir='ltr'>plerum-</span> 
     </span>
     <span class='ocr_line' id='line_1_28' title="bbox 131 1965 1280 2017; baseline -0.004 -13"><span class='ocrx_word' id='word_1_190' title='bbox 131 1980 205 2017; x_wconf 87' lang='lat' dir='ltr'>que</span> <span class='ocrx_word' id='word_1_191' title='bbox 236 1966 453 2004; x_wconf 78' lang='lat' dir='ltr'>hominibus</span> <span class='ocrx_word' id='word_1_192' title='bbox 481 1965 616 2011; x_wconf 81' lang='lat' dir='ltr'>Gallis,</span> <span class='ocrx_word' id='word_1_193' title='bbox 654 1978 745 2016; x_wconf 84' lang='lat' dir='ltr'>prae</span> <span class='ocrx_word' id='word_1_194' title='bbox 777 1965 1042 2015; x_wconf 78' lang='lat' dir='ltr'>magnitudine</span> <span class='ocrx_word' id='word_1_195' title='bbox 1075 1976 1280 2015; x_wconf 87' lang='lat' dir='ltr'>corporum</span> 
     </span>
     <span class='ocr_line' id='line_1_29' title="bbox 128 2024 1280 2076; baseline -0.004 -11"><span class='ocrx_word' id='word_1_196' title='bbox 128 2041 298 2074; x_wconf 87' lang='lat' dir='ltr'>suorum,</span> <span class='ocrx_word' id='word_1_197' title='bbox 327 2027 494 2065; x_wconf 88' lang='lat' dir='ltr'>brevitas</span> <span class='ocrx_word' id='word_1_198' title='bbox 514 2034 645 2064; x_wconf 83' lang='lat' dir='ltr'>nostra</span> <span class='ocrx_word' id='word_1_199' title='bbox 675 2027 887 2063; x_wconf 83' lang='lat' dir='ltr'>contemtui</span> <span class='ocrx_word' id='word_1_200' title='bbox 908 2025 1001 2076; x_wconf 88' lang='lat' dir='ltr'>est,)</span> <span class='ocrx_word' id='word_1_201' title='bbox 1039 2025 1135 2062; x_wconf 83' lang='lat' dir='ltr'>tanti</span> <span class='ocrx_word' id='word_1_202' title='bbox 1153 2024 1280 2061; x_wconf 88' lang='lat' dir='ltr'>oneris</span> 
     </span>
     <span class='ocr_line' id='line_1_30' title="bbox 127 2087 1098 2126; baseline -0.004 0"><span class='ocrx_word' id='word_1_203' title='bbox 127 2089 262 2126; x_wconf 85' lang='lat' dir='ltr'>turrim</span> <span class='ocrx_word' id='word_1_204' title='bbox 283 2090 321 2125; x_wconf 89' lang='lat' dir='ltr'>in</span> <span class='ocrx_word' id='word_1_205' title='bbox 341 2101 470 2125; x_wconf 86' lang='lat' dir='ltr'>muros</span> <span class='ocrx_word' id='word_1_206' title='bbox 501 2101 583 2125; x_wconf 85' lang='lat' dir='ltr'>sese</span> <span class='ocrx_word' id='word_1_207' title='bbox 613 2088 802 2126; x_wconf 82' lang='lat' dir='ltr'>collocare</span> <span class='ocrx_word' id='word_1_208' title='bbox 830 2087 1098 2124; x_wconf 78' lang='lat' dir='ltr'>confiderent?</span> 
     </span>
    </p>

    <p class='ocr_par' dir='ltr' id='par_1_4' title="bbox 125 2148 1279 2380">
     <span class='ocr_line' id='line_1_31' title="bbox 177 2148 1277 2198; baseline -0.003 -12"><span class='ocrx_word' id='word_1_209' title='bbox 177 2149 323 2186; x_wconf 88' lang='lat' dir='ltr'>XXXI.</span> <span class='ocrx_word' id='word_1_210' title='bbox 378 2149 456 2187; x_wconf 91' lang='lat' dir='ltr'>Ubi</span> <span class='ocrx_word' id='word_1_211' title='bbox 482 2162 573 2186; x_wconf 84' lang='lat' dir='ltr'>vero</span> <span class='ocrx_word' id='word_1_212' title='bbox 593 2148 749 2194; x_wconf 89' lang='lat' dir='ltr'>moveri,</span> <span class='ocrx_word' id='word_1_213' title='bbox 778 2156 816 2185; x_wconf 91' lang='lat' dir='ltr'>et</span> <span class='ocrx_word' id='word_1_214' title='bbox 835 2148 1144 2198; x_wconf 83' lang='lat' dir='ltr'>appropinquare</span> <span class='ocrx_word' id='word_1_215' title='bbox 1170 2159 1277 2183; x_wconf 90' lang='lat' dir='ltr'>moe-</span> 
     </span>
     <span class='ocr_line' id='line_1_32' title="bbox 126 2208 1279 2260; baseline -0.003 -13"><span class='ocrx_word' id='word_1_216' title='bbox 126 2210 251 2255; x_wconf 87' lang='lat' dir='ltr'>nibus,</span> <span class='ocrx_word' id='word_1_217' title='bbox 272 2209 463 2255; x_wconf 86' lang='lat' dir='ltr'>viderunt,</span> <span class='ocrx_word' id='word_1_218' title='bbox 484 2222 581 2246; x_wconf 84' lang='lat' dir='ltr'>nova</span> <span class='ocrx_word' id='word_1_219' title='bbox 600 2217 716 2260; x_wconf 89' lang='lat' dir='ltr'>atque</span> <span class='ocrx_word' id='word_1_220' title='bbox 731 2209 913 2246; x_wconf 86' lang='lat' dir='ltr'>inusitata</span> <span class='ocrx_word' id='word_1_221' title='bbox 931 2209 1060 2259; x_wconf 86' lang='lat' dir='ltr'>specie</span> <span class='ocrx_word' id='word_1_222' title='bbox 1081 2208 1279 2253; x_wconf 89' lang='lat' dir='ltr'>commoti,</span> 
     </span>
     <span class='ocr_line' id='line_1_33' title="bbox 125 2268 1277 2321; baseline 0 -14"><span class='ocrx_word' id='word_1_223' title='bbox 125 2271 273 2321; x_wconf 82' lang='lat' dir='ltr'>legatos</span> <span class='ocrx_word' id='word_1_224' title='bbox 288 2271 337 2308; x_wconf 81' lang='lat' dir='ltr'>ad</span> <span class='ocrx_word' id='word_1_225' title='bbox 357 2271 561 2309; x_wconf 81' lang='lat' dir='ltr'>Caesarem</span> <span class='ocrx_word' id='word_1_226' title='bbox 583 2270 631 2308; x_wconf 86' lang='lat' dir='ltr'>de</span> <span class='ocrx_word' id='word_1_227' title='bbox 650 2284 745 2321; x_wconf 85' lang='lat' dir='ltr'>pace</span> <span class='ocrx_word' id='word_1_228' title='bbox 765 2271 976 2313; x_wconf 81' lang='lat' dir='ltr'>miserunt;</span> <span class='ocrx_word' id='word_1_229' title='bbox 1006 2270 1084 2321; x_wconf 91' lang='lat' dir='ltr'>qui,</span> <span class='ocrx_word' id='word_1_230' title='bbox 1104 2268 1153 2306; x_wconf 86' lang='lat' dir='ltr'>ad</span> <span class='ocrx_word' id='word_1_231' title='bbox 1172 2269 1277 2307; x_wconf 88' lang='lat' dir='ltr'>hunc</span> 
     </span>
     <span class='ocr_line' id='line_1_34' title="bbox 126 2329 1277 2380; baseline -0.003 -11"><span class='ocrx_word' id='word_1_232' title='bbox 126 2332 281 2370; x_wconf 87' lang='lat' dir='ltr'>modum</span> <span class='ocrx_word' id='word_1_233' title='bbox 300 2332 445 2370; x_wconf 85' lang='lat' dir='ltr'>locuti:</span> <span class='ocrx_word' id='word_1_234' title='bbox 484 2331 572 2369; x_wconf 90' lang='lat' dir='ltr'>Non</span> <span class='ocrx_word' id='word_1_235' title='bbox 591 2344 632 2369; x_wconf 90' lang='lat' dir='ltr'>se</span> <span class='ocrx_word' id='word_1_236' title='bbox 648 2332 867 2370; x_wconf 86' lang='lat' dir='ltr'>existimare</span> <span class='ocrx_word' id='word_1_237' title='bbox 889 2331 1084 2369; x_wconf 88' lang='lat' dir='ltr'>Romanos</span> <span class='ocrx_word' id='word_1_238' title='bbox 1102 2329 1184 2368; x_wconf 86' lang='lat' dir='ltr'>sine</span> <span class='ocrx_word' id='word_1_239' title='bbox 1202 2342 1277 2380; x_wconf 88' lang='lat' dir='ltr'>ope</span> 
     </span>
    </p>
   </div>
  </div>
 </body>
</html>
