1556 2683
511 294 675 332 LIBER
730 296 819 333 V11.
1181 300 1256 338 205

167 397 248 436 XC.
303 398 376 435 His
409 399 520 436 rebus
552 399 753 445 confectis,
783 400 820 436 in
855 399 1014 437 Aeduos
1045 401 1256 449 proficisci·

111 466 198 502 tur;
231 459 423 497 civitatem
443 460 591 510 recipit.
646 460 703 497 Eo
723 461 839 511 legati
859 461 906 498 ab
930 462 1112 498 Arvernis
1138 462 1256 508 missi,

110 532 209 569 quae
241 520 456 570 imperaret,
493 534 533 559 se
571 521 739 559 facturos
775 522 1016 573 pollicentur.
1081 522 1253 572 Imperat

110 593 292 631 magnum
325 595 523 619 numerum
557 583 744 620 obsidum.
799 583 991 633 Legiones
1025 583 1063 619 in
1093 584 1254 621 hiberna

108 642 249 679 mittit:
269 643 505 693 captivorum
522 644 676 681 circiter
690 658 744 681 xx
758 645 875 681 millia
890 644 1034 681 Aeduis
1051 643 1253 681 Arvernis-

110 716 184 753 que
205 703 342 740 reddit.
396 703 441 740 T.
463 704 675 741 Labienum
698 717 728 741 ιι
751 718 837 742 cum
859 705 1074 754 legionibus
1090 712 1128 742 et
1143 704 1251 755 equi-

110 771 192 801 tatu
209 765 246 801 in
263 766 458 815 Sequanos
474 765 664 814 proficisci
676 767 800 815 jubet.
813 766 903 803 huic
914 766 968 802 M.
987 766 1255 817 Sempronium

109 825 282 863 Rutilum
299 827 484 863 attribuit.
540 827 584 864 C.
606 827 762 864 Fabium
783 836 822 864 et
842 827 887 864 L.
908 827 1125 864 Minucium
1147 827 1254 864 Basi-

107 887 186 924 lum
207 900 294 924 cum
315 899 347 923 11
368 887 583 936 legionibus
603 888 641 924 in
662 888 793 925 Remis
809 888 988 933 collocat,
1008 901 1056 925 ne
1069 900 1182 938 quam
1202 888 1250 925 ab

107 947 277 984 finitimis
332 947 544 985 Bellovacis
571 948 827 986 calamitatem
847 949 1050 999 accipiant.
1105 949 1149 986 C.
1172 951 1255 985 An-

107 1008 252 1045 tistium
270 1008 462 1058 Reginum
480 1009 516 1045 in
534 1009 817 1055 Ambivaretos‚
838 1010 883 1046 T.
905 1009 1078 1048 Sextium
1094 1009 1130 1045 in
1147 1009 1255 1046 Bitu-

106 1069 221 1119 riges,
242 1069 287 1107 C.
303 1069 505 1107 Caninium
523 1070 701 1108 Rebilum
717 1071 754 1107 in
776 1071 964 1116 Rutenos,
986 1083 1072 1108 cum
1092 1070 1253 1119 singulis

106 1130 336 1180 legionibus,
357 1130 485 1167 mittit.
541 1132 589 1173 Q.
603 1131 770 1168 Tullium
791 1132 1021 1169 Ciceronem
1042 1138 1080 1167 et
1100 1130 1142 1167 P.
1164 1130 1250 1167 Sul-

106 1191 249 1242 picium
270 1191 458 1229 Cabilloni
478 1199 518 1229 et
537 1191 756 1230 Matiscone
776 1192 815 1229 in
842 1192 991 1230 Aeduis
1009 1191 1057 1229 ad
1079 1191 1246 1237 Ararim,

106 1251 161 1289 rei
180 1251 450 1290 frumentariae
470 1265 616 1298 caussa,
638 1253 814 1291 collocat.
869 1253 957 1303 Ipse
973 1253 1153 1290 Bibracte
1169 1253 1251 1290 hie-

105 1324 210 1348 mare
227 1313 439 1350 constituit.
494 1313 568 1350 His
595 1313 709 1350 rebus
737 1313 858 1351 literis
879 1313 1056 1352 Caesaris
1075 1313 1252 1363 cognitis,

105 1373 252 1411 Romae
272 1374 419 1412 dierum
439 1381 494 1411 xx
514 1374 745 1425 supplicatio
765 1374 959 1412 indicitur.

510 1609 676 1648 LIBER
730 1609 842 1648 VIII.

275 1745 507 1772 SCRIPTORE
536 1745 651 1771 AULo
681 1744 835 1770 H1RT10
881 1733 1080 1785 (PANSA.)

347 1858 394 1894 A.
425 1857 580 1895 Hirtius
612 1854 794 1908 (Pansa,)
826 1855 948 1893 Balbo
978 1856 1019 1893 S.

157 1980 411 2019 COACTUS
453 1979 613 2017 assiduis
644 1979 720 2017 tuis
751 1979 924 2025 vocibus,
957 1978 1092 2024 Balbe,
1133 1992 1251 2029 quum

104 2042 328 2094 quotidiana
346 2054 433 2079 mea
462 2040 652 2079 recusatio
672 2054 747 2078 non
768 2040 1001 2078 difficultatis
1034 2040 1252 2077 excusatio-

104 2117 206 2149 nem,
240 2103 307 2140 sed
338 2103 499 2140 inertiae
531 2102 725 2139 videretur
752 2101 1064 2152 deprecationem
1095 2100 1252 2147 habere,

104 2164 361 2202 difficillimam
381 2177 461 2201 rem
477 2163 641 2213 suscepi.
670 2162 845 2201 Caesaris
864 2162 984 2200 nostri
1005 2162 1253 2200 Commenta-

104 2225 180 2262 rios
200 2237 325 2262 rerum
345 2231 540 2274 gestarum
560 2223 724 2270 Galliae,
743 2237 820 2261 non
841 2224 1120 2274 comparandos
1140 2236 1253 2274 supe-

105 2287 267 2324 rioribus
285 2293 403 2337 atque
423 2286 712 2336 insequentibus
738 2288 821 2336 ejus
853 2285 1019 2336 scriptis,
1052 2285 1251 2330 contexui,

106 2348 427 2399 novissimumque
445 2346 713 2398 imperfectum
732 2347 781 2385 ab
801 2347 914 2385 rebus
940 2346 1059 2398 gestis
1080 2346 1252 2384 Alexan-
