<?xml version="1.0" encoding="UTF-8"?>
<!DOCTYPE html PUBLIC "-//W3C//DTD XHTML 1.0 Transitional//EN"
    "http://www.w3.org/TR/xhtml1/DTD/xhtml1-transitional.dtd">
<html xmlns="http://www.w3.org/1999/xhtml" xml:lang="en" lang="en">
 <head>
  <title>
</title>
<meta http-equiv="Content-Type" content="text/html;charset=utf-8" />
  <meta name='ocr-system' content='tesseract 3.04.00' />
  <meta name='ocr-capabilities' content='ocr_page ocr_carea ocr_par ocr_line ocrx_word'/>
</head>
<body>
  <div class='ocr_page' id='page_1' title='image "./debellogallicoet01caesuoft_0098.png"; bbox 0 0 1556 2683; ppageno 0'>
   <div class='ocr_carea' id='block_1_1' title="bbox 269 212 1160 254">
    <p class='ocr_par' dir='ltr' id='par_1_1' title="bbox 269 212 1160 254">
     <span class='ocr_line' id='line_1_1' title="bbox 269 212 1160 254; baseline -0.001 -1"><span class='ocrx_word' id='word_1_1' title='bbox 269 216 318 254; x_wconf 68' lang='lat'>74</span> <span class='ocrx_word' id='word_1_2' title='bbox 574 212 649 249; x_wconf 87' lang='lat' dir='ltr'>DE</span> <span class='ocrx_word' id='word_1_3' title='bbox 693 212 872 250; x_wconf 84' lang='lat' dir='ltr'>BELLO</span> <span class='ocrx_word' id='word_1_4' title='bbox 915 213 1160 252; x_wconf 88' lang='lat' dir='ltr'><strong>GALLICO</strong></span> 
     </span>
    </p>
   </div>
   <div class='ocr_carea' id='block_1_2' title="bbox 255 316 1423 2336">
    <p class='ocr_par' dir='ltr' id='par_1_2' title="bbox 260 316 1423 1164">
     <span class='ocr_line' id='line_1_2' title="bbox 267 316 1421 369; baseline 0.002 -15"><span class='ocrx_word' id='word_1_5' title='bbox 267 316 450 354; x_wconf 81' lang='lat' dir='ltr'>latissime</span> <span class='ocrx_word' id='word_1_6' title='bbox 479 329 502 353; x_wconf 89' lang='lat' dir='ltr'>a</span> <span class='ocrx_word' id='word_1_7' title='bbox 520 316 597 353; x_wconf 91' lang='lat' dir='ltr'>suis</span> <span class='ocrx_word' id='word_1_8' title='bbox 615 317 753 354; x_wconf 82' lang='lat' dir='ltr'>finibus</span> <span class='ocrx_word' id='word_1_9' title='bbox 782 329 921 354; x_wconf 82' lang='lat' dir='ltr'>vacare</span> <span class='ocrx_word' id='word_1_10' title='bbox 948 330 1080 367; x_wconf 84' lang='lat' dir='ltr'>agros:</span> <span class='ocrx_word' id='word_1_11' title='bbox 1115 318 1188 355; x_wconf 90' lang='lat' dir='ltr'>hac</span> <span class='ocrx_word' id='word_1_12' title='bbox 1208 330 1249 355; x_wconf 87' lang='lat' dir='ltr'>re</span> <span class='ocrx_word' id='word_1_13' title='bbox 1277 318 1421 369; x_wconf 83' lang='lat' dir='ltr'>signifi-</span> 
     </span>
     <span class='ocr_line' id='line_1_3' title="bbox 267 378 1420 428; baseline 0.003 -14"><span class='ocrx_word' id='word_1_14' title='bbox 267 378 359 423; x_wconf 89' lang='lat' dir='ltr'>cari,</span> <span class='ocrx_word' id='word_1_15' title='bbox 395 390 576 428; x_wconf 78' lang='lat' dir='ltr'>magnum</span> <span class='ocrx_word' id='word_1_16' title='bbox 605 391 807 414; x_wconf 78' lang='lat' dir='ltr'>numerum</span> <span class='ocrx_word' id='word_1_17' title='bbox 840 378 1036 415; x_wconf 84' lang='lat' dir='ltr'>civitatum</span> <span class='ocrx_word' id='word_1_18' title='bbox 1071 391 1178 415; x_wconf 85' lang='lat' dir='ltr'>suam</span> <span class='ocrx_word' id='word_1_19' title='bbox 1210 379 1284 416; x_wconf 87' lang='lat' dir='ltr'>vim</span> <span class='ocrx_word' id='word_1_20' title='bbox 1305 380 1420 418; x_wconf 87' lang='lat' dir='ltr'>susti-</span> 
     </span>
     <span class='ocr_line' id='line_1_4' title="bbox 266 439 1420 490; baseline 0.003 -14"><span class='ocrx_word' id='word_1_21' title='bbox 266 452 358 476; x_wconf 85' lang='lat' dir='ltr'>nere</span> <span class='ocrx_word' id='word_1_22' title='bbox 389 452 465 476; x_wconf 91' lang='lat' dir='ltr'>non</span> <span class='ocrx_word' id='word_1_23' title='bbox 499 451 620 489; x_wconf 87' lang='lat' dir='ltr'>posse.</span> <span class='ocrx_word' id='word_1_24' title='bbox 656 439 784 489; x_wconf 85' lang='lat' dir='ltr'>itaque</span> <span class='ocrx_word' id='word_1_25' title='bbox 806 452 881 476; x_wconf 85' lang='lat' dir='ltr'>una</span> <span class='ocrx_word' id='word_1_26' title='bbox 900 452 949 476; x_wconf 88' lang='lat' dir='ltr'>ex</span> <span class='ocrx_word' id='word_1_27' title='bbox 968 448 1077 490; x_wconf 89' lang='lat' dir='ltr'>parte</span> <span class='ocrx_word' id='word_1_28' title='bbox 1097 453 1120 478; x_wconf 86' lang='lat' dir='ltr'>a</span> <span class='ocrx_word' id='word_1_29' title='bbox 1141 441 1274 479; x_wconf 92' lang='lat' dir='ltr'>Suevis</span> <span class='ocrx_word' id='word_1_30' title='bbox 1306 443 1420 480; x_wconf 89' lang='lat' dir='ltr'>circi-</span> 
     </span>
     <span class='ocr_line' id='line_1_5' title="bbox 267 500 1421 550; baseline 0.003 -13"><span class='ocrx_word' id='word_1_31' title='bbox 267 508 325 537; x_wconf 91' lang='lat' dir='ltr'>ter</span> <span class='ocrx_word' id='word_1_32' title='bbox 347 500 463 536; x_wconf 86' lang='lat' dir='ltr'>millia</span> <span class='ocrx_word' id='word_1_33' title='bbox 480 512 662 550; x_wconf 83' lang='lat' dir='ltr'>passuum</span> <span class='ocrx_word' id='word_1_34' title='bbox 694 511 744 536; x_wconf 86' lang='lat' dir='ltr'>Dc</span> <span class='ocrx_word' id='word_1_35' title='bbox 765 500 846 549; x_wconf 87' lang='lat' dir='ltr'>agri</span> <span class='ocrx_word' id='word_1_36' title='bbox 866 513 1003 537; x_wconf 81' lang='lat' dir='ltr'>vacare</span> <span class='ocrx_word' id='word_1_37' title='bbox 1031 501 1225 538; x_wconf 87' lang='lat' dir='ltr'>dicuntur.</span> <span class='ocrx_word' id='word_1_38' title='bbox 1281 502 1347 539; x_wconf 89' lang='lat' dir='ltr'>Ad</span> <span class='ocrx_word' id='word_1_39' title='bbox 1367 503 1421 540; x_wconf 88' lang='lat' dir='ltr'>al-</span> 
     </span>
     <span class='ocr_line' id='line_1_6' title="bbox 266 561 1420 612; baseline 0.002 -14"><span class='ocrx_word' id='word_1_40' title='bbox 266 568 388 598; x_wconf 85' lang='lat' dir='ltr'>teram</span> <span class='ocrx_word' id='word_1_41' title='bbox 404 569 550 611; x_wconf 85' lang='lat' dir='ltr'>partem</span> <span class='ocrx_word' id='word_1_42' title='bbox 568 561 783 598; x_wconf 86' lang='lat' dir='ltr'>succedunt</span> <span class='ocrx_word' id='word_1_43' title='bbox 800 561 905 606; x_wconf 86' lang='lat' dir='ltr'>Ubi-i,</span> <span class='ocrx_word' id='word_1_44' title='bbox 926 575 1087 612; x_wconf 88' lang='lat' dir='ltr'>quorum</span> <span class='ocrx_word' id='word_1_45' title='bbox 1103 561 1174 599; x_wconf 83' lang='lat' dir='ltr'>fuit</span> <span class='ocrx_word' id='word_1_46' title='bbox 1191 562 1323 599; x_wconf 88' lang='lat' dir='ltr'>civitas</span> <span class='ocrx_word' id='word_1_47' title='bbox 1339 576 1420 600; x_wconf 91' lang='lat' dir='ltr'>am-</span> 
     </span>
     <span class='ocr_line' id='line_1_7' title="bbox 266 622 1420 674; baseline 0.003 -16"><span class='ocrx_word' id='word_1_48' title='bbox 266 622 330 673; x_wconf 86' lang='lat' dir='ltr'>pla</span> <span class='ocrx_word' id='word_1_49' title='bbox 347 631 462 672; x_wconf 70' lang='lat' dir='ltr'>atquc</span> <span class='ocrx_word' id='word_1_50' title='bbox 477 623 634 667; x_wconf 89' lang='lat' dir='ltr'>florens,</span> <span class='ocrx_word' id='word_1_51' title='bbox 656 630 697 659; x_wconf 87' lang='lat' dir='ltr'>ut</span> <span class='ocrx_word' id='word_1_52' title='bbox 713 630 922 672; x_wconf 78' lang='lat' dir='ltr'>estcaptus</span> <span class='ocrx_word' id='word_1_53' title='bbox 939 622 1235 668; x_wconf 82' lang='lat' dir='ltr'>Germanormn,</span> <span class='ocrx_word' id='word_1_54' title='bbox 1255 632 1292 660; x_wconf 89' lang='lat' dir='ltr'>et</span> <span class='ocrx_word' id='word_1_55' title='bbox 1312 624 1420 674; x_wconf 89' lang='lat' dir='ltr'>paul-</span> 
     </span>
     <span class='ocr_line' id='line_1_8' title="bbox 270 683 1423 734; baseline 0.003 -15"><span class='ocrx_word' id='word_1_56' title='bbox 270 683 322 728; x_wconf 88' lang='lat' dir='ltr'>lo,</span> <span class='ocrx_word' id='word_1_57' title='bbox 338 697 453 734; x_wconf 88' lang='lat' dir='ltr'>quam</span> <span class='ocrx_word' id='word_1_58' title='bbox 470 692 557 721; x_wconf 85' lang='lat' dir='ltr'>sunt</span> <span class='ocrx_word' id='word_1_59' title='bbox 571 684 745 733; x_wconf 79' lang='lat' dir='ltr'>ejusdem</span> <span class='ocrx_word' id='word_1_60' title='bbox 762 684 927 734; x_wconf 83' lang='lat' dir='ltr'>generis,</span> <span class='ocrx_word' id='word_1_61' title='bbox 948 691 987 722; x_wconf 88' lang='lat' dir='ltr'>et</span> <span class='ocrx_word' id='word_1_62' title='bbox 1003 685 1141 721; x_wconf 87' lang='lat' dir='ltr'>ceteris</span> <span class='ocrx_word' id='word_1_63' title='bbox 1159 684 1423 730; x_wconf 87' lang='lat' dir='ltr'>l1umaniores;</span> 
     </span>
     <span class='ocr_line' id='line_1_9' title="bbox 263 746 1418 796; baseline 0.003 -15"><span class='ocrx_word' id='word_1_64' title='bbox 263 753 470 795; x_wconf 88' lang='lat' dir='ltr'>propterea</span> <span class='ocrx_word' id='word_1_65' title='bbox 485 746 588 796; x_wconf 88' lang='lat' dir='ltr'>quod</span> <span class='ocrx_word' id='word_1_66' title='bbox 607 746 1011 796; x_wconf 77' lang='lat' dir='ltr'>Rllenumattingunt,</span> <span class='ocrx_word' id='word_1_67' title='bbox 1027 746 1267 796; x_wconf 90' lang='lat' dir='ltr'>multumque</span> <span class='ocrx_word' id='word_1_68' title='bbox 1284 747 1332 783; x_wconf 88' lang='lat' dir='ltr'>ad</span> <span class='ocrx_word' id='word_1_69' title='bbox 1352 759 1418 784; x_wconf 90' lang='lat' dir='ltr'>eos</span> 
     </span>
     <span class='ocr_line' id='line_1_10' title="bbox 261 806 1417 857; baseline 0.004 -16"><span class='ocrx_word' id='word_1_70' title='bbox 261 814 496 844; x_wconf 80' lang='lat' dir='ltr'>mercatores</span> <span class='ocrx_word' id='word_1_71' title='bbox 514 807 718 851; x_wconf 82' lang='lat' dir='ltr'>ventitant,</span> <span class='ocrx_word' id='word_1_72' title='bbox 752 814 790 844; x_wconf 89' lang='lat' dir='ltr'>et</span> <span class='ocrx_word' id='word_1_73' title='bbox 810 807 879 856; x_wconf 83' lang='lat' dir='ltr'>ipsi</span> <span class='ocrx_word' id='word_1_74' title='bbox 900 814 1058 856; x_wconf 89' lang='lat' dir='ltr'>propter</span> <span class='ocrx_word' id='word_1_75' title='bbox 1086 806 1417 857; x_wconf 83' lang='lat' dir='ltr'>propinquitatem</span> 
     </span>
     <span class='ocr_line' id='line_1_11' title="bbox 263 865 1420 920; baseline 0.004 -17"><span class='ocrx_word' id='word_1_76' title='bbox 263 865 424 905; x_wconf 83' lang='lat' dir='ltr'>Gallicis</span> <span class='ocrx_word' id='word_1_77' title='bbox 456 876 543 905; x_wconf 90' lang='lat' dir='ltr'>sunt</span> <span class='ocrx_word' id='word_1_78' title='bbox 567 867 740 905; x_wconf 83' lang='lat' dir='ltr'>moribus</span> <span class='ocrx_word' id='word_1_79' title='bbox 759 868 975 906; x_wconf 79' lang='lat' dir='ltr'>assuefacti.</span> <span class='ocrx_word' id='word_1_80' title='bbox 1030 868 1115 905; x_wconf 90' lang='lat' dir='ltr'>Hos</span> <span class='ocrx_word' id='word_1_81' title='bbox 1145 882 1262 920; x_wconf 86' lang='lat' dir='ltr'>quum</span> <span class='ocrx_word' id='word_1_82' title='bbox 1286 870 1420 917; x_wconf 87' lang='lat' dir='ltr'>Suevi,</span> 
     </span>
     <span class='ocr_line' id='line_1_12' title="bbox 262 928 1421 981; baseline 0.005 -18"><span class='ocrx_word' id='word_1_83' title='bbox 262 928 392 965; x_wconf 85' lang='lat' dir='ltr'>mul-tis</span> <span class='ocrx_word' id='word_1_84' title='bbox 408 942 522 980; x_wconf 80' lang='lat' dir='ltr'>saepe</span> <span class='ocrx_word' id='word_1_85' title='bbox 533 930 647 966; x_wconf 41' lang='lat' dir='ltr'>*bellis</span> <span class='ocrx_word' id='word_1_86' title='bbox 661 930 826 979; x_wconf 85' lang='lat' dir='ltr'>experti,</span> <span class='ocrx_word' id='word_1_87' title='bbox 846 937 1004 980; x_wconf 88' lang='lat' dir='ltr'>propter</span> <span class='ocrx_word' id='word_1_88' title='bbox 1019 930 1310 981; x_wconf 88' lang='lat' dir='ltr'>amplitudinem</span> <span class='ocrx_word' id='word_1_89' title='bbox 1332 944 1421 981; x_wconf 85' lang='lat' dir='ltr'>gra·</span> 
     </span>
     <span class='ocr_line' id='line_1_13' title="bbox 260 989 1414 1042; baseline 0.003 -17"><span class='ocrx_word' id='word_1_90' title='bbox 260 989 496 1041; x_wconf 80' lang='lat' dir='ltr'>vita—temque</span> <span class='ocrx_word' id='word_1_91' title='bbox 517 991 693 1033; x_wconf 80' lang='lat' dir='ltr'>civitatis,</span> <span class='ocrx_word' id='word_1_92' title='bbox 713 991 852 1028; x_wconf 82' lang='lat' dir='ltr'>finibus</span> <span class='ocrx_word' id='word_1_93' title='bbox 868 990 1063 1041; x_wconf 84' lang='lat' dir='ltr'>expellere</span> <span class='ocrx_word' id='word_1_94' title='bbox 1084 1004 1160 1027; x_wconf 89' lang='lat' dir='ltr'>non</span> <span class='ocrx_word' id='word_1_95' title='bbox 1180 991 1414 1042; x_wconf 84' lang='lat' dir='ltr'>potuissent,</span> 
     </span>
     <span class='ocr_line' id='line_1_14' title="bbox 262 1052 1422 1102; baseline 0.003 -15"><span class='ocrx_word' id='word_1_96' title='bbox 262 1057 391 1088; x_wconf 87' lang='lat' dir='ltr'>tamen</span> <span class='ocrx_word' id='word_1_97' title='bbox 423 1053 633 1102; x_wconf 75' lang='lat' dir='ltr'>vectigales</span> <span class='ocrx_word' id='word_1_98' title='bbox 652 1053 722 1089; x_wconf 82' lang='lat' dir='ltr'>sibi</span> <span class='ocrx_word' id='word_1_99' title='bbox 742 1052 932 1098; x_wconf 82' lang='lat' dir='ltr'>fecerunt,</span> <span class='ocrx_word' id='word_1_100' title='bbox 967 1065 1012 1090; x_wconf 83' lang='lat' dir='ltr'>ac</span> <span class='ocrx_word' id='word_1_101' title='bbox 1044 1052 1168 1089; x_wconf 91' lang='lat' dir='ltr'>multo</span> <span class='ocrx_word' id='word_1_102' title='bbox 1197 1052 1422 1091; x_wconf 83' lang='lat' dir='ltr'>humiliores</span> 
     </span>
     <span class='ocr_line' id='line_1_15' title="bbox 264 1111 839 1164; baseline 0.005 -16"><span class='ocrx_word' id='word_1_103' title='bbox 264 1111 572 1164; x_wconf 69' lang='lat' dir='ltr'>infirm-‚ovesque</span> <span class='ocrx_word' id='word_1_104' title='bbox 591 1115 839 1163; x_wconf 79' lang='lat' dir='ltr'>redegerunt.</span> 
     </span>
    </p>

    <p class='ocr_par' dir='ltr' id='par_1_3' title="bbox 255 1174 1421 2336">
     <span class='ocr_line' id='line_1_16' title="bbox 317 1174 1420 1226; baseline 0.003 -16"><span class='ocrx_word' id='word_1_105' title='bbox 317 1174 385 1211; x_wconf 91' lang='lat' dir='ltr'>IV.</span> <span class='ocrx_word' id='word_1_106' title='bbox 442 1175 486 1212; x_wconf 91' lang='lat' dir='ltr'>In</span> <span class='ocrx_word' id='word_1_107' title='bbox 508 1176 644 1213; x_wconf 84' lang='lat' dir='ltr'>eadem</span> <span class='ocrx_word' id='word_1_108' title='bbox 661 1189 795 1213; x_wconf 81' lang='lat' dir='ltr'>caussa</span> <span class='ocrx_word' id='word_1_109' title='bbox 816 1175 968 1212; x_wconf 87' lang='lat' dir='ltr'>fuerunt</span> <span class='ocrx_word' id='word_1_110' title='bbox 992 1175 1189 1226; x_wconf 86' lang='lat' dir='ltr'>Usipetes,</span> <span class='ocrx_word' id='word_1_111' title='bbox 1209 1183 1248 1213; x_wconf 93' lang='lat' dir='ltr'>et</span> <span class='ocrx_word' id='word_1_112' title='bbox 1264 1176 1420 1214; x_wconf 89' lang='lat' dir='ltr'>Tench-</span> 
     </span>
     <span class='ocr_line' id='line_1_17' title="bbox 259 1236 1416 1288; baseline 0 -14"><span class='ocrx_word' id='word_1_113' title='bbox 259 1236 375 1282; x_wconf 81' lang='lat' dir='ltr'>theri,</span> <span class='ocrx_word' id='word_1_114' title='bbox 397 1250 491 1288; x_wconf 88' lang='lat' dir='ltr'>quos</span> <span class='ocrx_word' id='word_1_115' title='bbox 511 1251 625 1288; x_wconf 86' lang='lat' dir='ltr'>supra</span> <span class='ocrx_word' id='word_1_116' title='bbox 643 1238 825 1283; x_wconf 82' lang='lat' dir='ltr'>diximus,</span> <span class='ocrx_word' id='word_1_117' title='bbox 845 1237 909 1287; x_wconf 87' lang='lat' dir='ltr'>qui</span> <span class='ocrx_word' id='word_1_118' title='bbox 931 1237 1149 1287; x_wconf 82' lang='lat' dir='ltr'>complures</span> <span class='ocrx_word' id='word_1_119' title='bbox 1169 1250 1288 1275; x_wconf 88' lang='lat' dir='ltr'>annos</span> <span class='ocrx_word' id='word_1_120' title='bbox 1320 1237 1416 1274; x_wconf 90' lang='lat' dir='ltr'>Sue-</span> 
     </span>
     <span class='ocr_line' id='line_1_18' title="bbox 258 1299 1417 1349; baseline 0.002 -14"><span class='ocrx_word' id='word_1_121' title='bbox 258 1311 392 1335; x_wconf 86' lang='lat' dir='ltr'>vorum</span> <span class='ocrx_word' id='word_1_122' title='bbox 426 1300 501 1335; x_wconf 88' lang='lat' dir='ltr'>vim</span> <span class='ocrx_word' id='word_1_123' title='bbox 534 1299 820 1336; x_wconf 78' lang='lat' dir='ltr'>sustinuerunt:</span> <span class='ocrx_word' id='word_1_124' title='bbox 853 1299 901 1336; x_wconf 89' lang='lat' dir='ltr'>ad</span> <span class='ocrx_word' id='word_1_125' title='bbox 921 1306 1136 1336; x_wconf 88' lang='lat' dir='ltr'>extremum</span> <span class='ocrx_word' id='word_1_126' title='bbox 1165 1306 1295 1336; x_wconf 85' lang='lat' dir='ltr'>tamen</span> <span class='ocrx_word' id='word_1_127' title='bbox 1315 1299 1417 1349; x_wconf 82' lang='lat' dir='ltr'>agris</span> 
     </span>
     <span class='ocr_line' id='line_1_19' title="bbox 258 1359 1420 1411; baseline 0.002 -15"><span class='ocrx_word' id='word_1_128' title='bbox 258 1361 425 1410; x_wconf 83' lang='lat' dir='ltr'>expulsi,</span> <span class='ocrx_word' id='word_1_129' title='bbox 459 1368 499 1398; x_wconf 87' lang='lat' dir='ltr'>et</span> <span class='ocrx_word' id='word_1_130' title='bbox 518 1360 647 1397; x_wconf 89' lang='lat' dir='ltr'>multis</span> <span class='ocrx_word' id='word_1_131' title='bbox 663 1360 899 1398; x_wconf 79' lang='lat' dir='ltr'>Germaniae</span> <span class='ocrx_word' id='word_1_132' title='bbox 931 1359 1026 1397; x_wconf 88' lang='lat' dir='ltr'>locis</span> <span class='ocrx_word' id='word_1_133' title='bbox 1046 1359 1254 1396; x_wconf 87' lang='lat' dir='ltr'>triennium</span> <span class='ocrx_word' id='word_1_134' title='bbox 1274 1361 1420 1411; x_wconf 83' lang='lat' dir='ltr'>vagati,</span> 
     </span>
     <span class='ocr_line' id='line_1_20' title="bbox 259 1420 1419 1473; baseline 0.001 -15"><span class='ocrx_word' id='word_1_135' title='bbox 259 1421 309 1458; x_wconf 87' lang='lat' dir='ltr'>ad</span> <span class='ocrx_word' id='word_1_136' title='bbox 332 1421 511 1458; x_wconf 72' lang='lat' dir='ltr'>Rhenum</span> <span class='ocrx_word' id='word_1_137' title='bbox 532 1428 815 1472; x_wconf 87' lang='lat' dir='ltr'>pervenerunt:</span> <span class='ocrx_word' id='word_1_138' title='bbox 845 1433 939 1472; x_wconf 84' lang='lat' dir='ltr'>quas</span> <span class='ocrx_word' id='word_1_139' title='bbox 959 1420 1136 1470; x_wconf 80' lang='lat' dir='ltr'>regiones</span> <span class='ocrx_word' id='word_1_140' title='bbox 1159 1421 1333 1473; x_wconf 85' lang='lat' dir='ltr'>Menapii</span> <span class='ocrx_word' id='word_1_141' title='bbox 1361 1422 1419 1459; x_wconf 91' lang='lat' dir='ltr'>in-</span> 
     </span>
     <span class='ocr_line' id='line_1_21' title="bbox 260 1482 1420 1534; baseline 0 -14"><span class='ocrx_word' id='word_1_142' title='bbox 260 1483 456 1529; x_wconf 84' lang='lat' dir='ltr'>colebant,</span> <span class='ocrx_word' id='word_1_143' title='bbox 477 1491 515 1521; x_wconf 88' lang='lat' dir='ltr'>et</span> <span class='ocrx_word' id='word_1_144' title='bbox 532 1484 581 1520; x_wconf 88' lang='lat' dir='ltr'>ad</span> <span class='ocrx_word' id='word_1_145' title='bbox 597 1490 800 1534; x_wconf 85' lang='lat' dir='ltr'>utramque</span> <span class='ocrx_word' id='word_1_146' title='bbox 815 1482 936 1533; x_wconf 82' lang='lat' dir='ltr'>ripam</span> <span class='ocrx_word' id='word_1_147' title='bbox 951 1482 1119 1519; x_wconf 86' lang='lat' dir='ltr'>fluminis</span> <span class='ocrx_word' id='word_1_148' title='bbox 1139 1495 1265 1533; x_wconf 81' lang='lat' dir='ltr'>agros,</span> <span class='ocrx_word' id='word_1_149' title='bbox 1287 1484 1420 1521; x_wconf 89' lang='lat' dir='ltr'>aedifi-</span> 
     </span>
     <span class='ocr_line' id='line_1_22' title="bbox 260 1544 1421 1596; baseline -0.001 -13"><span class='ocrx_word' id='word_1_150' title='bbox 260 1545 334 1589; x_wconf 89' lang='lat' dir='ltr'>cia,</span> <span class='ocrx_word' id='word_1_151' title='bbox 354 1546 539 1596; x_wconf 78' lang='lat' dir='ltr'>vicosque</span> <span class='ocrx_word' id='word_1_152' title='bbox 560 1545 751 1582; x_wconf 79' lang='lat' dir='ltr'>habebant</span> <span class='ocrx_word' id='word_1_153' title='bbox 769 1560 777 1587; x_wconf 85' lang='lat'>;</span> <span class='ocrx_word' id='word_1_154' title='bbox 810 1544 891 1589; x_wconf 87' lang='lat' dir='ltr'>sed,</span> <span class='ocrx_word' id='word_1_155' title='bbox 911 1551 1041 1581; x_wconf 79' lang='lat' dir='ltr'>tantae</span> <span class='ocrx_word' id='word_1_156' title='bbox 1062 1545 1319 1583; x_wconf 88' lang='lat' dir='ltr'>multitudinis</span> <span class='ocrx_word' id='word_1_157' title='bbox 1339 1545 1421 1583; x_wconf 83' lang='lat' dir='ltr'>adi-</span> 
     </span>
     <span class='ocr_line' id='line_1_23' title="bbox 258 1606 1421 1657; baseline 0.001 -13"><span class='ocrx_word' id='word_1_158' title='bbox 258 1614 302 1644; x_wconf 91' lang='lat' dir='ltr'>tu</span> <span class='ocrx_word' id='word_1_159' title='bbox 322 1607 534 1657; x_wconf 72' lang='lat' dir='ltr'>perterriti,</span> <span class='ocrx_word' id='word_1_160' title='bbox 566 1621 616 1644; x_wconf 88' lang='lat' dir='ltr'>ex</span> <span class='ocrx_word' id='word_1_161' title='bbox 636 1607 695 1643; x_wconf 84' lang='lat' dir='ltr'>his</span> <span class='ocrx_word' id='word_1_162' title='bbox 716 1606 914 1651; x_wconf 86' lang='lat' dir='ltr'>aedificiis,</span> <span class='ocrx_word' id='word_1_163' title='bbox 949 1620 1047 1657; x_wconf 87' lang='lat' dir='ltr'>quae</span> <span class='ocrx_word' id='word_1_164' title='bbox 1067 1614 1171 1645; x_wconf 89' lang='lat' dir='ltr'>trans</span> <span class='ocrx_word' id='word_1_165' title='bbox 1190 1607 1333 1645; x_wconf 87' lang='lat' dir='ltr'>flumen</span> <span class='ocrx_word' id='word_1_166' title='bbox 1353 1608 1421 1646; x_wconf 87' lang='lat' dir='ltr'>ha-</span> 
     </span>
     <span class='ocr_line' id='line_1_24' title="bbox 258 1668 1419 1719; baseline 0.002 -15"><span class='ocrx_word' id='word_1_167' title='bbox 258 1668 440 1713; x_wconf 86' lang='lat' dir='ltr'>buerant,</span> <span class='ocrx_word' id='word_1_168' title='bbox 475 1668 802 1717; x_wconf 77' lang='lat' dir='ltr'>demigraverunt,</span> <span class='ocrx_word' id='word_1_169' title='bbox 837 1675 889 1713; x_wconf 85' lang='lat' dir='ltr'>et,</span> <span class='ocrx_word' id='word_1_170' title='bbox 924 1668 978 1704; x_wconf 88' lang='lat' dir='ltr'>cis</span> <span class='ocrx_word' id='word_1_171' title='bbox 1011 1668 1191 1705; x_wconf 87' lang='lat' dir='ltr'>Rhenum</span> <span class='ocrx_word' id='word_1_172' title='bbox 1225 1668 1419 1719; x_wconf 86' lang='lat' dir='ltr'>dispositis</span> 
     </span>
     <span class='ocr_line' id='line_1_25' title="bbox 259 1729 1421 1780; baseline 0.003 -15"><span class='ocrx_word' id='word_1_173' title='bbox 259 1730 473 1779; x_wconf 84' lang='lat' dir='ltr'>praesidiis,</span> <span class='ocrx_word' id='word_1_174' title='bbox 496 1729 712 1768; x_wconf 86' lang='lat' dir='ltr'>Germanos</span> <span class='ocrx_word' id='word_1_175' title='bbox 732 1730 893 1767; x_wconf 86' lang='lat' dir='ltr'>transire</span> <span class='ocrx_word' id='word_1_176' title='bbox 912 1730 1182 1780; x_wconf 84' lang='lat' dir='ltr'>prohibebant.</span> <span class='ocrx_word' id='word_1_177' title='bbox 1236 1730 1311 1776; x_wconf 90' lang='lat' dir='ltr'>Illi,</span> <span class='ocrx_word' id='word_1_178' title='bbox 1339 1744 1421 1768; x_wconf 91' lang='lat' dir='ltr'>om-</span> 
     </span>
     <span class='ocr_line' id='line_1_26' title="bbox 258 1789 1420 1843; baseline 0.002 -16"><span class='ocrx_word' id='word_1_179' title='bbox 258 1789 322 1826; x_wconf 83' lang='lat' dir='ltr'>nia</span> <span class='ocrx_word' id='word_1_180' title='bbox 342 1791 509 1841; x_wconf 83' lang='lat' dir='ltr'>experti,</span> <span class='ocrx_word' id='word_1_181' title='bbox 540 1805 658 1842; x_wconf 90' lang='lat' dir='ltr'>quum</span> <span class='ocrx_word' id='word_1_182' title='bbox 678 1803 803 1841; x_wconf 91' lang='lat' dir='ltr'>neque</span> <span class='ocrx_word' id='word_1_183' title='bbox 823 1790 860 1827; x_wconf 91' lang='lat' dir='ltr'>vi</span> <span class='ocrx_word' id='word_1_184' title='bbox 893 1791 1130 1829; x_wconf 81' lang='lat' dir='ltr'>contendere</span> <span class='ocrx_word' id='word_1_185' title='bbox 1155 1799 1315 1843; x_wconf 89' lang='lat' dir='ltr'>propter</span> <span class='ocrx_word' id='word_1_186' title='bbox 1335 1792 1420 1830; x_wconf 92' lang='lat' dir='ltr'>ino-</span> 
     </span>
     <span class='ocr_line' id='line_1_27' title="bbox 257 1852 1420 1904; baseline 0.003 -16"><span class='ocrx_word' id='word_1_187' title='bbox 257 1852 360 1902; x_wconf 82' lang='lat' dir='ltr'>piam</span> <span class='ocrx_word' id='word_1_188' title='bbox 380 1853 548 1898; x_wconf 87' lang='lat' dir='ltr'>navium,</span> <span class='ocrx_word' id='word_1_189' title='bbox 587 1866 714 1903; x_wconf 91' lang='lat' dir='ltr'>neque</span> <span class='ocrx_word' id='word_1_190' title='bbox 735 1853 833 1890; x_wconf 89' lang='lat' dir='ltr'>clam</span> <span class='ocrx_word' id='word_1_191' title='bbox 856 1853 1016 1890; x_wconf 85' lang='lat' dir='ltr'>transire</span> <span class='ocrx_word' id='word_1_192' title='bbox 1045 1861 1202 1904; x_wconf 87' lang='lat' dir='ltr'>propter</span> <span class='ocrx_word' id='word_1_193' title='bbox 1223 1854 1420 1891; x_wconf 86' lang='lat' dir='ltr'>custodias</span> 
     </span>
     <span class='ocr_line' id='line_1_28' title="bbox 260 1913 1416 1965; baseline 0.003 -15"><span class='ocrx_word' id='word_1_194' title='bbox 260 1913 550 1965; x_wconf 88' lang='lat' dir='ltr'>Menapiorum,</span> <span class='ocrx_word' id='word_1_195' title='bbox 572 1922 742 1965; x_wconf 78' lang='lat' dir='ltr'>possent,</span> <span class='ocrx_word' id='word_1_196' title='bbox 775 1915 915 1951; x_wconf 88' lang='lat' dir='ltr'>reverti</span> <span class='ocrx_word' id='word_1_197' title='bbox 936 1927 975 1951; x_wconf 90' lang='lat' dir='ltr'>se</span> <span class='ocrx_word' id='word_1_198' title='bbox 996 1914 1033 1951; x_wconf 90' lang='lat' dir='ltr'>in</span> <span class='ocrx_word' id='word_1_199' title='bbox 1053 1928 1139 1952; x_wconf 85' lang='lat' dir='ltr'>suas</span> <span class='ocrx_word' id='word_1_200' title='bbox 1158 1915 1268 1954; x_wconf 87' lang='lat' dir='ltr'>sedes</span> <span class='ocrx_word' id='word_1_201' title='bbox 1288 1915 1416 1965; x_wconf 83' lang='lat' dir='ltr'>regio-</span> 
     </span>
     <span class='ocr_line' id='line_1_29' title="bbox 258 1976 1417 2027; baseline 0.001 -14"><span class='ocrx_word' id='word_1_202' title='bbox 258 1989 404 2027; x_wconf 86' lang='lat' dir='ltr'>nesque</span> <span class='ocrx_word' id='word_1_203' title='bbox 420 1977 717 2014; x_wconf 87' lang='lat' dir='ltr'>simulaverunt:</span> <span class='ocrx_word' id='word_1_204' title='bbox 747 1983 800 2022; x_wconf 87' lang='lat' dir='ltr'>et,</span> <span class='ocrx_word' id='word_1_205' title='bbox 816 1976 933 2013; x_wconf 88' lang='lat' dir='ltr'>tridui</span> <span class='ocrx_word' id='word_1_206' title='bbox 949 1976 1047 2013; x_wconf 88' lang='lat' dir='ltr'>viam</span> <span class='ocrx_word' id='word_1_207' title='bbox 1063 1977 1269 2027; x_wconf 79' lang='lat' dir='ltr'>progressi,</span> <span class='ocrx_word' id='word_1_208' title='bbox 1286 1989 1417 2014; x_wconf 87' lang='lat' dir='ltr'>rursus</span> 
     </span>
     <span class='ocr_line' id='line_1_30' title="bbox 257 2037 1415 2090; baseline 0.001 -16"><span class='ocrx_word' id='word_1_209' title='bbox 257 2046 525 2077; x_wconf 87' lang='lat' dir='ltr'>reverterunt:</span> <span class='ocrx_word' id='word_1_210' title='bbox 555 2047 683 2090; x_wconf 84' lang='lat' dir='ltr'>atque,</span> <span class='ocrx_word' id='word_1_211' title='bbox 705 2038 808 2075; x_wconf 90' lang='lat' dir='ltr'>omni</span> <span class='ocrx_word' id='word_1_212' title='bbox 828 2038 903 2075; x_wconf 90' lang='lat' dir='ltr'>hoc</span> <span class='ocrx_word' id='word_1_213' title='bbox 923 2037 1059 2074; x_wconf 86' lang='lat' dir='ltr'>itinere</span> <span class='ocrx_word' id='word_1_214' title='bbox 1080 2051 1155 2075; x_wconf 89' lang='lat' dir='ltr'>una</span> <span class='ocrx_word' id='word_1_215' title='bbox 1171 2046 1286 2075; x_wconf 85' lang='lat' dir='ltr'>nocte</span> <span class='ocrx_word' id='word_1_216' title='bbox 1307 2038 1415 2088; x_wconf 89' lang='lat' dir='ltr'>equi-</span> 
     </span>
     <span class='ocr_line' id='line_1_31' title="bbox 257 2099 1417 2150; baseline -0.001 -13"><span class='ocrx_word' id='word_1_217' title='bbox 257 2107 341 2137; x_wconf 86' lang='lat' dir='ltr'>tatu</span> <span class='ocrx_word' id='word_1_218' title='bbox 361 2099 557 2146; x_wconf 86' lang='lat' dir='ltr'>confecto,</span> <span class='ocrx_word' id='word_1_219' title='bbox 588 2101 728 2137; x_wconf 85' lang='lat' dir='ltr'>inscios</span> <span class='ocrx_word' id='word_1_220' title='bbox 753 2100 1075 2149; x_wconf 88' lang='lat' dir='ltr'>inopinantesque</span> <span class='ocrx_word' id='word_1_221' title='bbox 1111 2099 1316 2150; x_wconf 86' lang='lat' dir='ltr'>Menapios</span> <span class='ocrx_word' id='word_1_222' title='bbox 1350 2113 1417 2150; x_wconf 91' lang='lat' dir='ltr'>op-</span> 
     </span>
     <span class='ocr_line' id='line_1_32' title="bbox 258 2160 1417 2212; baseline 0 -15"><span class='ocrx_word' id='word_1_223' title='bbox 258 2169 496 2211; x_wconf 80' lang='lat' dir='ltr'>presserunt,</span> <span class='ocrx_word' id='word_1_224' title='bbox 518 2162 596 2212; x_wconf 88' lang='lat' dir='ltr'>qui,</span> <span class='ocrx_word' id='word_1_225' title='bbox 617 2161 665 2198; x_wconf 90' lang='lat' dir='ltr'>de</span> <span class='ocrx_word' id='word_1_226' title='bbox 687 2160 970 2198; x_wconf 87' lang='lat' dir='ltr'>Germanorum</span> <span class='ocrx_word' id='word_1_227' title='bbox 992 2160 1163 2198; x_wconf 86' lang='lat' dir='ltr'>discessu</span> <span class='ocrx_word' id='word_1_228' title='bbox 1183 2175 1252 2212; x_wconf 91' lang='lat' dir='ltr'>per</span> <span class='ocrx_word' id='word_1_229' title='bbox 1281 2161 1417 2212; x_wconf 80' lang='lat' dir='ltr'>explo-</span> 
     </span>
     <span class='ocr_line' id='line_1_33' title="bbox 255 2222 1414 2267; baseline 0.002 -9"><span class='ocrx_word' id='word_1_230' title='bbox 255 2229 402 2259; x_wconf 86' lang='lat' dir='ltr'>ratores</span> <span class='ocrx_word' id='word_1_231' title='bbox 418 2223 602 2260; x_wconf 88' lang='lat' dir='ltr'>certiores</span> <span class='ocrx_word' id='word_1_232' title='bbox 615 2222 720 2267; x_wconf 81' lang='lat' dir='ltr'>facti,</span> <span class='ocrx_word' id='word_1_233' title='bbox 742 2223 823 2259; x_wconf 91' lang='lat' dir='ltr'>sine</span> <span class='ocrx_word' id='word_1_234' title='bbox 838 2229 944 2260; x_wconf 89' lang='lat' dir='ltr'>metu</span> <span class='ocrx_word' id='word_1_235' title='bbox 961 2230 1064 2259; x_wconf 87' lang='lat' dir='ltr'>trans</span> <span class='ocrx_word' id='word_1_236' title='bbox 1084 2222 1261 2260; x_wconf 83' lang='lat' dir='ltr'>Rhenum</span> <span class='ocrx_word' id='word_1_237' title='bbox 1275 2223 1311 2259; x_wconf 89' lang='lat' dir='ltr'>in</span> <span class='ocrx_word' id='word_1_238' title='bbox 1325 2236 1414 2260; x_wconf 90' lang='lat' dir='ltr'>suos</span> 
     </span>
     <span class='ocr_line' id='line_1_34' title="bbox 255 2282 1417 2336; baseline 0.003 -18"><span class='ocrx_word' id='word_1_239' title='bbox 255 2282 363 2321; x_wconf 86' lang='lat' dir='ltr'>vicos</span> <span class='ocrx_word' id='word_1_240' title='bbox 382 2284 697 2336; x_wconf 84' lang='lat' dir='ltr'>remigraverant.</span> <span class='ocrx_word' id='word_1_241' title='bbox 752 2284 828 2322; x_wconf 85' lang='lat' dir='ltr'>His</span> <span class='ocrx_word' id='word_1_242' title='bbox 847 2283 1075 2332; x_wconf 88' lang='lat' dir='ltr'>interfectis,</span> <span class='ocrx_word' id='word_1_243' title='bbox 1094 2284 1331 2336; x_wconf 90' lang='lat' dir='ltr'>navibusque</span> <span class='ocrx_word' id='word_1_244' title='bbox 1352 2296 1417 2322; x_wconf 87' lang='lat' dir='ltr'>eo·</span> 
     </span>
    </p>
   </div>
   <div class='ocr_carea' id='block_1_3' title="bbox 1536 2057 1544 2564">
    <p class='ocr_par' dir='ltr' id='par_1_4' title="bbox 1536 2057 1544 2564">
     <span class='ocr_line' id='line_1_35' title="bbox 1536 2057 1544 2564; baseline 0 0"><span class='ocrx_word' id='word_1_245' title='bbox 1536 2057 1544 2564; x_wconf 95' lang='lat' dir='ltr'> </span> 
     </span>
    </p>
   </div>
   <div class='ocr_carea' id='block_1_4' title="bbox 1528 1276 1556 2683">
    <p class='ocr_par' dir='ltr' id='par_1_5' title="bbox 1528 1276 1556 2683">
     <span class='ocr_line' id='line_1_36' title="bbox 1528 1276 1556 2683; baseline 0 0"><span class='ocrx_word' id='word_1_246' title='bbox 1528 1276 1556 2683; x_wconf 95' lang='lat' dir='ltr'> </span> 
     </span>
    </p>
   </div>
  </div>
 </body>
</html>
