1556 2683
213 286 291 323 254
541 285 614 322 DE
647 284 827 322 BELLO
869 284 1038 323 CIVILI

213 387 350 434 acutis,
382 387 586 439 praesepit.
640 388 714 425 His
733 388 873 438 paratiS
892 388 1020 434 rebus,
1049 386 1189 425 milites
1207 387 1359 427 silentio

215 461 329 485 naves
349 449 609 485 conscendere
624 450 736 498 jubet
753 464 761 491 ;
788 448 991 498 expeditos
1011 456 1139 486 autem
1159 462 1209 486 ex
1225 462 1359 487 evoca-

214 509 263 545 tis
296 510 513 559 sagittariis,
546 509 893 559 funditoribusque,
922 521 1026 546 raros
1054 509 1092 546 in
1111 523 1220 547 muro
1249 511 1361 547 turri-

212 570 361 620 busque
390 570 568 621 disponit.
624 569 707 605 Hos
737 577 843 606 certo
872 569 981 619 signo
1006 582 1188 607 revocare
1219 570 1361 607 consti-

217 632 303 676 tuit,
345 644 461 681 quum
483 643 614 666 omnes
634 630 773 667 milites
804 643 918 667 naves
938 630 1277 674 conscendissent3
1303 637 1360 668 at-

220 705 294 741 que
323 692 366 728 iis
394 691 576 741 expedito
606 691 692 728 loco
720 690 890 728 actuaria
917 690 1068 740 navigia
1087 690 1281 741 relinquit.

258 752 447 789 XXVIII.
488 751 724 797 Brundisini,
747 750 1065 802 Pompeianorum
1082 751 1245 789 militum
1261 752 1358 802 inju-

212 813 277 850 riis
309 821 424 864 atque
446 813 562 863 ipsius
593 812 766 862 Pompeii
796 812 1037 850 contumeliis
1056 812 1233 862 permoti,
1263 813 1360 850 Cae-

212 874 306 911 saris
326 875 439 911 rebus
458 873 650 911 favebant.
716 873 866 923 Itaque,
894 873 1052 923 cognita
1079 873 1252 924 Pompeii
1271 887 1358 925 pro-

211 935 393 980 fectione,
424 934 740 972 concursantibus
761 935 846 980 illis,
874 941 990 985 atque
1011 934 1048 971 in
1069 947 1114 971 ea
1135 948 1175 971 re
1196 948 1362 986 occupa-

211 997 272 1041 tis,
301 997 416 1046 vulgo
436 1008 485 1033 ex
506 995 619 1032 tectis
648 995 938 1045 significabant:
970 1009 1040 1046 per
1057 1008 1151 1046 quos
1170 1009 1210 1033 re
1231 996 1363 1047 cogni-

210 1065 263 1104 ta,
297 1059 440 1095 Caesar
471 1057 592 1094 scalas
611 1056 736 1107 parari
763 1056 979 1107 militesque
999 1056 1136 1094 armari
1158 1057 1284 1106 jubet,
1312 1069 1361 1094 ne

212 1132 326 1169 quain
357 1119 411 1156 rei
439 1118 632 1169 gerendae
669 1116 891 1154 facultatem
919 1116 1099 1154 dimittat.
1155 1116 1362 1167 Pompeius

211 1180 281 1216 sub
301 1187 456 1217 noctem
477 1191 590 1216 naves
610 1178 734 1214 solvit.
790 1178 865 1220 Qui
886 1184 995 1214 erant
1034 1177 1071 1213 in
1091 1190 1201 1215 muro
1233 1185 1364 1216 custo-

211 1241 297 1277 diae
325 1252 459 1278 caussa
479 1239 672 1283 collocati,
700 1252 745 1276 eo
766 1239 889 1288 signo,
911 1239 1013 1289 quod
1033 1246 1280 1284 convenerat,
1305 1252 1364 1276 re-

208 1308 410 1346 vocantur,
447 1300 624 1349 notisque
662 1299 862 1336 itineribus
895 1300 944 1336 ad
976 1312 1092 1336 naves
1138 1300 1361 1338 decurrunt.

210 1361 370 1406 Milites,
400 1361 532 1411 positis
560 1360 686 1405 scalis,
715 1373 843 1397 muros
874 1360 1136 1403 adscendunt3
1164 1361 1246 1406 sed,
1279 1374 1361 1398 mo-

209 1422 281 1459 niti
302 1435 323 1459 a
343 1421 598 1466 Brundisinis,
631 1429 673 1457 ut
693 1420 833 1457 vallum
855 1433 1013 1458 caecum
1032 1420 1229 1471 fossasque
1250 1433 1361 1458 cave-

209 1490 290 1527 ant,
307 1482 531 1528 subsistunt,
545 1489 596 1527 et,
613 1481 729 1532 longo
743 1481 880 1519 itinere
896 1481 943 1519 ab
957 1481 1015 1518 his
1029 1481 1297 1527 circumducti,
1314 1482 1363 1520 ad

212 1551 364 1595 portum
380 1543 621 1594 perveniunt,
636 1542 807 1593 duasque
820 1555 936 1580 naves
950 1556 1034 1580 cum
1050 1542 1246 1589 militibus,
1263 1556 1361 1594 quae

210 1606 260 1643 ad
290 1605 408 1642 moles
426 1604 600 1642 Caesaris
627 1604 893 1648 adhaeserant,
931 1604 1083 1654 scaphis
1102 1603 1356 1655 lintribusque

205 1667 517 1717 deprehemlunt,
538 1666 796 1716 deprehensas
816 1664 1028 1715 excipiunt.

263 1727 409 1765 XXIX.
469 1730 611 1764 Caesar
639 1726 709 1764 etsi
738 1727 787 1764 ad
816 1739 921 1776 spem
956 1726 1184 1764 conficiendi
1213 1727 1359 1777 negotii

208 1790 375 1827 maxime
397 1789 599 1839 probabat,
629 1788 774 1826 coactis
795 1787 968 1833 navibus,
987 1800 1092 1825 mare
1112 1788 1288 1833 transire,
1322 1796 1361 1825 et

212 1850 438 1900 Pompeium
459 1849 583 1899 sequi,
611 1849 715 1899 prius
747 1861 859 1899 quam
890 1848 952 1885 ille
983 1861 1065 1885 sese
1099 1849 1360 1886 transmarinis

209 1911 361 1949 auxiliis
382 1911 650 1952 confirmarem
689 1916 818 1946 tamen
838 1910 920 1958 ejus
941 1909 994 1946 rei
1022 1922 1181 1954 moram,
1210 1916 1359 1960 tempo-

209 1974 336 2023 risque
357 1972 693 2021 longinquitatem,
723 1971 896 2015 timebat,
919 1970 1036 2020 quod,
1053 1971 1228 2008 omnibus
1248 1983 1361 2009 coac-

209 2035 258 2071 tis
290 2033 463 2077 navibus,
497 2032 701 2081 Pompeius
732 2037 972 2081 praesentem
1002 2031 1224 2069 facultatem
1258 2032 1356 2069 inse-

215 2095 356 2145 quendi
387 2094 442 2131 sui
464 2093 672 2130 ademerat.
720 2092 1037 2142 Relinquebatur,
1073 2100 1113 2129 ut
1133 2105 1182 2129 ex
1211 2093 1360 2143 longin-

210 2156 408 2206 quioribus
438 2154 659 2204 regionibus
680 2153 846 2197 Galliae,
874 2152 1100 2202 Picenique,
1132 2160 1170 2189 et
1196 2166 1218 2189 a
1242 2153 1358 2199 freto,

209 2230 326 2253 naves
347 2223 474 2252 essent
494 2213 792 2264 exspectandae.
822 2213 880 2258 Id,
911 2220 1067 2263 propter
1087 2213 1176 2249 anni
1196 2220 1360 2263 tempus,

209 2277 366 2326 longum
388 2283 503 2326 atque
525 2275 749 2326 impeditum
768 2274 981 2311 videbatur.
1016 2274 1171 2311 Interea
1188 2281 1358 2311 veterem

208 2337 438 2383 exercituin,
467 2337 561 2374 duas
584 2335 788 2386 Hispanias
810 2334 1041 2380 confirmari,
1062 2347 1220 2385 quarum
1240 2335 1361 2372 altera
