1556 2683
544 217 709 255 LIBER
763 217 853 254 VII.
1197 222 1267 261 157

125 318 350 357 Aeduorum
371 320 615 370 expugnatis,
636 328 778 358 cuncta
793 320 920 358 Gallia
939 320 1136 367 deficeret,
1163 322 1268 372 quod

121 380 268 418 nullum
290 380 421 418 amicis
441 381 478 418 in
498 394 544 418 eo
561 382 790 432 praesidium
810 381 957 419 videret
976 382 1140 433 positum
1160 395 1265 427 esse;

122 442 180 478 sin
201 442 384 479 maturius
416 455 465 479 ex
485 442 654 480 hibernis
672 443 871 488 educeret,
908 456 956 480 ne
976 444 1022 480 ab
1042 456 1082 480 re
1100 443 1270 480 frumen-

122 502 220 540 taria
239 502 342 540 duris
361 503 675 540 subvectionibus
691 503 893 540 laboraret.
931 503 1131 541 Praestare
1147 504 1269 540 visum

120 570 179 601 est
195 569 322 600 tamen
337 577 467 601 omnes
484 564 724 602 difficultates
738 564 902 615 perpeti,
916 577 1042 615 quam,
1059 571 1165 601 tanta
1177 577 1268 602 con-

119 625 278 662 tumelia
296 632 470 675 accepta,
491 626 658 662 omnium
678 639 832 663 suorum
851 626 1067 662 voluntates
1086 625 1267 663 alienare.

117 684 269 736 Itaque,
302 687 524 723 cohortatus
547 686 704 724 Aeduos
723 686 771 724 de
796 687 1056 736 supportando
1077 698 1268 723 commea-

119 752 176 791 tu,
208 746 420 796 praemittit
438 747 486 784 ad
508 747 635 793 Boios,
662 747 726 798 qui
747 747 794 784 de
813 760 882 785 suo
901 748 1068 784 adventu
1084 747 1266 793 doceant,

118 806 414 858 hortenturque,
437 815 478 845 ut
497 808 534 844 in
554 808 629 845 fide
649 816 842 853 maneant,
872 815 986 858 atque
1007 808 1173 845 hostium
1194 809 1263 845 im-

117 875 250 918 petum
270 881 411 919 magno
431 869 558 906 animo
582 869 808 906 sustineant.
877 869 1039 906 Duabus
1073 869 1268 919 Agendici

119 929 336 979 legionibus
364 937 480 980 atque
501 930 784 981 impedimentis
803 930 920 968 totius
940 930 1135 968 exercitus
1154 931 1266 968 relic-

119 990 179 1036 tis,
207 991 258 1029 ad
276 991 391 1028 Boios
411 991 679 1041 proficiscitur.

170 1051 240 1087 XI.
296 1051 434 1088 Altero
453 1051 515 1089 die
536 1065 651 1102 quum
671 1051 720 1089 ad
752 1052 934 1103 oppidum
956 1049 1155 1089 Senonum
1175 1051 1266 1089 Vel-

117 1111 379 1149 launodunum
400 1112 579 1157 venisset,
608 1125 657 1150 ne
677 1125 789 1163 quem
810 1119 898 1163 post
916 1125 956 1150 se
983 1113 1134 1149 hostem
1152 1112 1267 1149 relin-

116 1180 264 1224 queret,
296 1186 371 1224 quo
391 1173 633 1224 expeditiore
653 1181 693 1210 re
714 1173 962 1211 frumentaria
982 1180 1167 1220 uteretur,
1186 1186 1264 1224 ›op-

116 1246 291 1284 pugnare
318 1234 497 1280 instituit,
527 1234 642 1286 idque
661 1235 779 1272 biduo
799 1234 1121 1272 circumvallavit:
1149 1234 1266 1272 tertio

116 1295 178 1333 die
197 1295 319 1333 missis
331 1308 381 1333 ex
397 1296 538 1347 oppido
557 1296 694 1347 legatis
710 1296 758 1334 de
771 1296 982 1342 deditione,
997 1309 1102 1333 arma
1115 1295 1264 1346 profer-

116 1356 163 1402 ri,
178 1358 353 1405 Jumenta
372 1357 547 1407 produci,
567 1369 620 1394 Dc
641 1357 791 1395 obsides
820 1358 915 1402 dari,
929 1358 1054 1407 jubet.
1109 1356 1166 1394 Ea
1199 1357 1265 1407 qui

117 1417 340 1463 conficeret,
361 1418 406 1455 C.
427 1418 663 1455 Trebonium
684 1419 852 1468 legatum
873 1417 1078 1468 relinquit:
1106 1416 1201 1467 ipse,
1221 1424 1266 1454 ut

114 1479 395 1529 quamprimum
416 1479 489 1516 iter
506 1479 666 1524 l'aceret,
686 1479 891 1516 Genabum
911 1479 1123 1516 Carnutum
1148 1479 1265 1528 profi-

116 1538 288 1584 ciscitur,
309 1539 388 1588 qui,
409 1547 490 1576 tum
516 1539 679 1590 primum
699 1540 813 1577 allato
834 1540 975 1577 nuncio
1002 1540 1049 1576 de
1065 1552 1265 1590 oppugna-

115 1598 220 1636 tione
247 1598 546 1646 Vellaunoduni‚
578 1613 694 1651 quum
713 1601 864 1650 longius
884 1613 968 1638 eam
988 1613 1068 1637 rem
1101 1600 1262 1637 ductum

114 1660 160 1698 iri
192 1660 469 1707 existimarent,
505 1662 736 1711 praesidium
769 1661 920 1700 Genabi
952 1661 1085 1699 tuendi
1114 1674 1263 1707 caussa,

115 1720 218 1771 quod
238 1734 285 1758 eo
308 1721 520 1767 mitterent,
540 1723 827 1772 comparabant.
882 1721 974 1758 Huc
992 1720 1110 1758 biduo
1129 1733 1264 1771 perve-

114 1782 195 1824 nit;
223 1782 355 1819 castris
388 1789 478 1819 ante
498 1782 681 1833 oppidum
713 1781 859 1833 positis,
893 1782 966 1819 diei
1001 1788 1174 1832 tempore
1194 1795 1262 1819 ex-

115 1842 257 1887 clusus,
293 1843 331 1879 in
350 1850 546 1893 posterum
579 1843 907 1893 oppugnationem
927 1842 1067 1888 differt,
1088 1855 1264 1893 quaeque

115 1904 165 1941 ad
183 1917 266 1956 eam
287 1917 367 1941 rem
388 1904 471 1941 usui
490 1904 566 1941 sint
584 1905 767 1941 militibus
785 1904 971 1954 iniperat;
1000 1911 1052 1949 et,
1072 1904 1176 1954 quod
1196 1918 1264 1955 op-

115 1965 247 2015 pidum
267 1965 473 2002 Genabum
493 1978 589 2016 pons
602 1966 767 2003 fluminis
782 1964 933 2016 Ligeris
949 1964 1187 2011 continebat,
1201 1977 1265 2002 ve-

114 2025 224 2071 ritus,
250 2039 299 2063 ne
319 2034 438 2064 noctu
457 2040 507 2064 ex
527 2027 669 2077 oppido
687 2026 953 2076 profugerent,
981 2037 1012 2061 11
1033 2025 1205 2075 legiones
1224 2025 1263 2063 in

115 2087 228 2124 armis
249 2088 442 2125 excubare
456 2088 580 2137 jubet.
634 2087 897 2132 Genabenses‚
927 2086 1054 2137 paullo
1073 2094 1163 2123 ante
1183 2099 1262 2124 me-

117 2145 218 2182 diam
238 2154 390 2184 noctem
412 2147 562 2184 silentio
579 2160 627 2185 ex
644 2147 785 2198 oppido
805 2147 963 2197 egressi,
983 2146 1125 2184 flumen
1141 2153 1265 2184 trans-

121 2207 176 2243 ire
207 2216 429 2257 coeperunt.
484 2209 572 2249 Qua
602 2220 643 2245 re
674 2220 742 2258 per
774 2207 1038 2257 exploratores
1069 2207 1263 2252 nunciata,

117 2267 260 2305 Caesar
280 2267 467 2320 legiones,
494 2281 587 2320 quas
606 2268 808 2320 expeditas
827 2281 911 2307 esse
939 2271 1118 2319 jusserat,
1143 2267 1264 2319 portis
