1556 2683
247 299 298 335 40
555 297 630 334 DE
669 297 849 335 BELLO
889 296 1135 335 GALLICO

245 399 358 445 datis,
391 412 478 437 eum
499 401 545 437 ab
565 413 605 438 se
626 401 795 438 dimittit.
851 401 1060 450 Postquam
1091 412 1223 438 omnes
1252 400 1393 451 Belga⁵¹

245 473 330 497 rum
351 461 494 510 copias,
526 462 563 498 in
584 476 700 499 unum
720 463 847 499 locum
868 469 1035 507 coactas,
1062 461 1110 498 ad
1132 474 1172 499 se
1190 462 1320 499 venire
1336 462 1393 498 vi-

246 521 316 567 dit,
350 535 475 571 neque
501 524 581 572 jam
600 523 715 572 longe
745 524 892 569 abesse,
925 523 972 560 ab
993 523 1065 568 his,
1100 535 1195 572 quos
1224 522 1393 566 miserat,

245 582 565 633 exploratoribus,
596 590 635 620 et
653 585 701 621 ab
723 584 866 630 Remis,
888 583 1092 634 cognovit;
1119 583 1262 620 flumen
1284 584 1394 619 Axo-

243 655 345 688 nam,
379 643 482 693 quod
515 651 573 681 est
599 644 637 681 in
666 645 850 682 extremis
873 646 1082 682 Remorum
1097 644 1249 689 finibus,
1283 657 1395 681 exer-

244 704 364 742 citum
384 706 635 743 transducere
653 706 871 751 maturavit,
901 714 1017 756 atque
1040 705 1091 742 ibi
1112 713 1237 742 castra
1255 705 1395 755 posuit.

244 766 353 806 Quae
375 779 435 803 res
455 774 493 804 et
512 767 611 804 latus
631 781 748 804 unum
770 775 983 805 castrorum
1016 766 1107 817 ripis
1126 766 1292 802 fluminis
1312 779 1394 802 mu-

242 826 385 871 niebat,
404 835 456 873 et,
470 838 556 878 post
576 842 663 865 eum
683 841 782 878 quae
803 835 1031 873 essent,tuta
1050 828 1097 864 ab
1117 826 1291 863 hostibus
1308 825 1394 862 red-

242 887 374 933 debat,
404 895 457 933 et,
491 896 728 927 commeatus
761 889 808 926 ab
831 889 975 934 Remis,
1008 887 1241 938 reliquisque
1261 887 1394 925 civita-

241 949 358 995 tibus,
379 956 420 986 ut
441 949 522 986 sine
541 949 714 999 periculo
734 949 782 986 ad
802 963 890 986 eum
910 949 1055 1000 portari
1075 955 1219 998 posset,
1254 948 1394 986 efficie-

239 1010 318 1047 bat.
374 1010 416 1048 In
439 1023 484 1047 eo
505 1010 662 1048 flumine
682 1023 778 1061 pons
801 1019 893 1048 erat.
924 1010 974 1047 ibi
994 1010 1228 1060 praesidium
1261 1009 1395 1059 ponit;

240 1078 281 1108 et
300 1071 336 1107 in
358 1071 477 1109 altera
495 1079 604 1121 parte
624 1071 791 1108 fluminis
812 1072 860 1113 Q.
878 1071 1069 1108 Titurium
1088 1071 1269 1107 Sabinum
1290 1071 1394 1120 lega-

239 1139 321 1169 tum
342 1146 431 1169 cum
453 1145 496 1169 VI
519 1133 741 1170 cohortibus
762 1132 957 1182 relinquit.
1013 1132 1149 1169 Castra
1168 1132 1203 1168 in
1225 1131 1394 1168 altitudi-

239 1206 327 1230 nem
359 1194 501 1244 pedum
522 1205 583 1230 ΧΠ
603 1193 717 1239 vallo,
750 1193 928 1243 fossaque
949 1192 1214 1243 duodeviginti
1233 1193 1392 1244 pedum,

241 1255 391 1291 munire
407 1256 531 1305 jubet.

291 1315 360 1352 VI.
417 1316 479 1352 Ab
512 1315 570 1352 his
601 1315 735 1353 castris
766 1316 949 1366 oppidum
978 1315 1203 1360 Remorum,
1236 1314 1396 1352 nomine*

241 1376 400 1422 Bibrax,
417 1378 550 1414 aberat
563 1376 681 1413 millia
693 1389 872 1427 passuum
892 1387 988 1413 V111.
1004 1376 1042 1413 id
1062 1389 1111 1413 ex
1132 1375 1270 1413 itinere
1286 1389 1392 1427 mag-

238 1451 289 1475 no
308 1438 454 1488 impetu
487 1438 633 1488 Belgae
652 1451 876 1488 oppugnare
909 1444 1135 1488 coeperunt.
1193 1438 1324 1487 Aegre
1345 1451 1393 1477 eo

237 1499 300 1536 die
319 1507 576 1537 sustentatum
597 1506 665 1536 cst.
721 1498 921 1536 Gallorum
946 1499 1095 1545 eadem,
1115 1505 1231 1549 atque
1252 1499 1392 1550 Belga-

236 1574 335 1605 rum,
357 1561 594 1613 oppugnatio
616 1568 672 1597 est
699 1561 861 1609 [haec]
917 1559 1008 1605 Ubi,
1030 1559 1280 1610 circumjecta
1295 1561 1392 1598 mul-

236 1622 402 1659 titudine
430 1622 628 1659 hominum
650 1622 739 1659 totis
759 1622 974 1667 moenibus,
996 1621 1166 1671 undique
1185 1621 1333 1672 lapides
1351 1622 1392 1660 in

236 1698 385 1723 murum
402 1686 479 1736 jaci
497 1686 626 1735 coepti
647 1693 748 1731 sunt,
764 1699 972 1736 murusque
988 1685 1256 1723 defensoribus
1270 1687 1390 1724 nuda-

238 1752 301 1782 tus
321 1754 402 1790 est;
423 1747 616 1784 testudine
631 1747 749 1792 facta,
770 1754 900 1796 portas
913 1747 1142 1792 succedunt,
1161 1760 1391 1798 murumque

236 1807 439 1845 subruunt.
487 1808 601 1849 Quod
618 1814 699 1844 tum
719 1807 831 1844 facile
851 1808 979 1845 fiebat.
1010 1821 1112 1857 nam,
1146 1821 1261 1858 quum
1283 1816 1392 1847 tanta

236 1869 444 1906 multitudo
464 1869 609 1919 lapides
626 1882 670 1906 ac
690 1869 768 1906 tela
788 1870 1040 1919 conjicerent,
1061 1869 1098 1906 in
1119 1882 1228 1907 muro
1248 1870 1391 1908 consis-

235 1929 341 1965 tendi
372 1937 543 1980 potestas
573 1936 656 1966 erat
675 1929 783 1965 nulli.
838 1930 964 1970 Quum
996 1928 1112 1965 finem
1138 1929 1389 1979 oppugnandi

235 2002 315 2026 nox
334 1990 503 2035 fecisset,
527 1989 666 2035 Iccius,
689 1989 847 2034 Remus,
863 2001 1010 2026 summa
1029 1989 1230 2026 nobilitate
1249 1997 1289 2027 et
1303 2003 1389 2040 gra-

233 2050 287 2088 tIa
310 2051 410 2088 inter
429 2064 531 2097 suoS,
562 2051 625 2101 qui
645 2058 727 2088 tum
748 2050 889 2101 oppido
909 2058 1099 2101 praeerat,
1133 2063 1232 2088 unus
1251 2064 1300 2088 ex
1328 2051 1388 2097 iis,

235 2111 298 2161 qui
319 2112 435 2162 legati
456 2113 503 2149 de
525 2125 620 2162 pace
640 2112 687 2149 ad
708 2112 910 2149 Caesarem
937 2119 1137 2157 venerant,
1158 2112 1320 2149 nuncios
1339 2113 1389 2150 ad

233 2184 321 2208 eum
343 2173 459 2210 mittit
476 2187 484 2209 :
507 2172 589 2209 Nisi
606 2172 817 2210 subsidium
831 2171 901 2209 sibi
921 2172 1183 2219 submittatur,
1203 2185 1286 2210 sese
1302 2173 1388 2211 diu-

233 2233 308 2269 tius
329 2234 517 2271 sustinere
537 2247 613 2270 non
634 2246 759 2284 posse.

285 2293 373 2330 VII.
431 2294 489 2332 Eo
522 2295 570 2332 dc
591 2295 716 2332 media
737 2301 852 2332 nocte
874 2295 1031 2341 Caesar,
1062 2295 1197 2332 iisdem
1222 2295 1386 2333 ducibus

233 2367 338 2401 usus,
372 2356 437 2406 qui
470 2355 602 2393 nuncii
635 2356 682 2393 ab
709 2355 817 2394 Iccio
849 2363 1050 2404 venerant,
1098 2356 1300 2404 Numidas,
1345 2363 1386 2394 et
