1556 2683
593 301 755 338 LIBER
809 301 839 338 Ι.
1211 303 1283 343 257

150 415 278 440 secum
294 403 568 441 administrent.
587 404 643 440 sin
657 404 792 441 timore
808 402 1017 452 defugiant,
1039 403 1109 439 illis
1123 415 1162 440 se
1179 404 1285 441 oneri

148 477 223 501 non
243 464 424 509 futurum,
444 472 482 502 et
496 477 563 514 per
578 478 617 502 se
633 465 904 515 rempublicam
919 463 1282 501 administraturum.

149 525 317 575 Legatos
336 526 383 562 ad
405 525 626 575 Pompeium
653 525 700 562 de
721 524 994 574 compositione
1013 523 1110 560 mitti
1131 532 1283 574 oporte-

149 598 211 621 re:
240 599 364 636 neque
383 599 422 623 se
439 586 697 630 reformidare,
717 585 819 635 quod
839 585 875 621 in
895 592 1030 621 senatu
1050 584 1176 634 paullo
1196 593 1284 622 ante

150 644 354 695 Pompeius
382 645 554 690 dixisset,
601 646 649 683 ad
681 659 775 696 quos
804 645 919 694 legati
947 646 1202 690 mitterentur,
1240 645 1284 681 iis

148 706 415 743 auctoritatem
443 706 614 751 attribui,
648 707 899 755 timoremque
928 718 1073 750 eorum,
1102 705 1167 755 qui
1199 705 1285 741 mit-

148 772 287 811 terent,
306 766 511 816 significari
529 780 537 803 :
558 766 681 803 tenuis
702 773 815 816 atque
835 765 973 801 infirmi
989 766 1084 802 haec
1105 764 1217 802 animi
1231 765 1285 801 vi-

146 825 225 863 deri
241 841 250 863 :
270 839 310 863 se
329 840 433 872 vero,
454 834 494 863 ut
513 827 693 877 operibus
712 826 858 864 anteire
876 825 1078 870 studuerit,
1099 825 1153 863 sic
1168 826 1282 875 justi-

147 887 199 924 tia
218 895 257 924 et
275 888 467 938 aequitate
487 887 583 924 velle
612 899 803 937 superare.

200 948 388 985 XXXIII.
443 948 588 985 Probat
614 960 694 984 rem
713 954 865 984 senatus
892 948 941 984 de
960 947 1154 985 mittendis
1182 948 1285 998 lega-

148 1007 221 1044 tis:
248 1008 329 1053 sed,
358 1009 421 1059 qui
441 1009 696 1053 mitterentur,
725 1021 800 1044 non
820 1008 1133 1058 reperiebantur:
1166 1008 1286 1045 maxi-

148 1081 284 1118 meque
304 1069 449 1106 timoris
469 1081 599 1106 caussa
619 1081 687 1118 pro
708 1081 748 1105 se
780 1068 939 1118 quisque
959 1068 996 1104 id
1027 1081 1163 1105 munus
1181 1068 1285 1118 lega-

147 1128 260 1166 tionis
279 1130 493 1166 recusabat.
539 1128 743 1179 Pompeius
761 1128 877 1172 enim,
897 1126 1096 1164 discedens
1115 1128 1161 1164 ab
1178 1128 1286 1172 urbe,

149 1190 186 1225 in
212 1196 346 1227 senatu
364 1189 515 1226 dixerat
544 1189 679 1226 eodem
699 1201 739 1225 se
758 1188 976 1225 habiturum
996 1187 1095 1233 loco,
1121 1187 1186 1237 qui
1210 1188 1285 1224 Ro-

148 1262 231 1286 mae
258 1250 539 1294 remansissent,
560 1257 599 1286 et
618 1249 681 1299 qui
702 1249 738 1285 in
760 1248 893 1286 castris
914 1247 1087 1285 Caesaris
1114 1247 1287 1285 fuissent.

148 1309 213 1346 Sic
231 1309 397 1346 triduum
414 1309 731 1359 disputationibus
752 1308 1137 1358 excusationibusque
1157 1316 1287 1345 extra-

147 1370 261 1407 hitur.
309 1370 518 1419 Subjicitur
537 1371 650 1408 etiam
670 1370 716 1407 L.
735 1369 932 1414 Metellus,
953 1369 1127 1406 tribunus
1146 1369 1284 1419 plebis,

146 1431 192 1468 ab
209 1431 368 1468 inimicis
386 1431 571 1476 Caesaris,
592 1430 656 1481 qui
672 1431 771 1468 hanc
790 1444 869 1468 rem
886 1430 1084 1475 distrahat,
1104 1431 1286 1480 reliquas-

147 1505 220 1542 que
240 1505 312 1537 reS,
333 1504 578 1542 quascunque
593 1504 708 1541 agere
727 1491 946 1534 instituerit,
967 1490 1161 1541 impedIat.
1210 1491 1287 1529 Cu-

143 1553 205 1600 jus
239 1552 393 1601 cognito
423 1552 594 1597 consilio,
628 1552 780 1597 Caesar,
807 1551 948 1588 frustra
980 1551 1113 1587 diebus
1140 1551 1287 1601 aliquot

148 1612 370 1658 consumtis,
397 1625 445 1649 ne
465 1613 654 1663 reliquum
675 1620 825 1662 tempus
854 1611 1017 1655 omittat,
1046 1610 1199 1648 infectis
1227 1611 1286 1657 iis,

148 1685 244 1721 quae
272 1685 386 1722 agere
404 1673 673 1720 destinaverat,
693 1674 739 1710 ab
762 1673 853 1709 urbe
873 1671 1142 1722 proficiscitur,
1169 1678 1286 1722 atque

147 1732 185 1768 in
215 1733 432 1770 ulteriorem
453 1733 616 1770 Galliam
635 1733 821 1784 pervenit.

200 1792 385 1831 XXXIV.
441 1795 527 1836 Quo
556 1808 669 1844 quum
689 1794 869 1839 venisset,
904 1793 1102 1843 cognoscit
1132 1793 1288 1831 missum

148 1854 187 1890 in
221 1853 445 1904 Hispaniam
476 1868 499 1892 a
533 1855 717 1905 Pompeio
748 1854 957 1891 Vibullium
985 1854 1142 1899 Rufum,
1172 1868 1288 1905 quem

146 1916 279 1966 paucis
308 1923 397 1953 ante
425 1916 559 1952 diebus
588 1916 755 1953 Corfinio
784 1922 939 1967 captum
968 1915 1047 1965 ipse
1067 1915 1287 1953 dimiserat:

148 1977 364 2027 profectum
384 1976 476 2014 item
495 1977 708 2014 Domitium
724 1976 772 2014 ad
789 1977 1054 2027 occupandum
1075 1976 1292 2014 Massiliam.

147 2038 306 2075 navibus
331 2037 509 2075 actuariis
531 2049 608 2083 vn,
636 2050 742 2088 quas,
764 2037 863 2088 Igilii
882 2045 921 2074 et
942 2037 979 2074 in
1001 2038 1151 2074 Cosano
1171 2051 1193 2075 a
1211 2039 1289 2088 pri-

146 2099 242 2135 vatis
262 2106 429 2143 coactas,
447 2098 579 2143 servis,
598 2098 757 2144 libertis,
777 2098 923 2136 colonis
951 2098 1041 2144 suis,
1071 2099 1288 2149 compleve-

148 2166 226 2196 rat:
260 2159 485 2210 praemissos
511 2159 625 2196 etiam
652 2159 799 2208 legatos
827 2159 1089 2196 Massilienses
1117 2160 1293 2206 domum,-

148 2219 295 2257 nobiles
313 2219 590 2265 adolescentes,
610 2212 719 2270 quOS,
752 2220 799 2257 ab
819 2220 913 2257 urbe
931 2220 1146 2266 discedens,
1175 2221 1290 2258 Pom-

148 2281 255 2330 peius
270 2288 351 2318 erat
365 2281 602 2326 adhortatus,
618 2293 665 2317 ne
679 2292 776 2318 nova
791 2281 963 2318 Caesaris
979 2280 1102 2318 officia
1116 2289 1289 2320 veterum

151 2353 304 2378 suorum
335 2341 608 2379 beneficiorum
635 2340 675 2377 in
704 2353 770 2377 eos
789 2341 1010 2380 memoriam
1040 2341 1295 2394 expellerent,-

227 2400 335 2438 ToM.
363 2401 392 2437 Ι.
680 2401 719 2436 K
744 2400 771 2437 k-
