1576 2693
524 398 568 435 C.
599 397 745 436 JULII
782 398 1058 439 CAESARIS

286 497 1323 596 COMMENTARIORUM⁷

488 702 578 742 DE
607 702 811 744 BELLO
843 703 1104 746 GALLICO

662 970 830 1008 LIBER
883 971 915 1008 Ι.

209 1115 241 1153 Ι.
267 1083 525 1155 (Ji‘ALLIA
542 1124 600 1155 est
614 1118 737 1155 omnis
751 1117 873 1155 divisa
884 1117 922 1154 in
938 1124 1066 1168 partes
1078 1123 1156 1154 tres
1172 1132 1181 1161 ;
1200 1122 1363 1168 quarum

208 1188 323 1215 unam
342 1178 517 1217 incolunt
536 1178 693 1228 Belgae,
721 1179 834 1216 aliam
870 1177 1069 1228 Aquitani,
1097 1178 1266 1224 tertiam,
1296 1178 1365 1230 qui

208 1238 379 1290 ipsorum
399 1240 530 1290 lingua
549 1239 698 1285 Celtae,
726 1247 856 1277 nostra
876 1238 978 1276 Galli
998 1238 1252 1289 appellantur.
1306 1238 1366 1276 Hi

208 1310 340 1338 omnes
359 1300 503 1352 lingua,-
537 1300 733 1346 institutis,
763 1300 928 1351 legibus,
962 1300 1064 1337 inter
1093 1312 1134 1337 se
1167 1299 1365 1339 differunt.

206 1360 340 1399 Gallos
352 1362 400 1399 ab
417 1361 624 1412 Aquitanis
639 1361 838 1400 Garumna
851 1361 1011 1407 flumen,
1027 1374 1050 1398 a
1065 1360 1196 1412 Belgis
1212 1360 1364 1399 Matro-

205 1435 255 1459 na
270 1431 309 1461 et
330 1423 508 1474 Sequana
523 1422 672 1461 dividit.
705 1423 858 1461 Horum
875 1422 1047 1461 omnium
1061 1421 1259 1459 fortissimi
1274 1428 1364 1459 sunt

206 1483 351 1534 Belgae
365 1498 373 1521 :
393 1491 601 1535 propterea
615 1484 719 1535 quod
730 1497 753 1522 a
767 1485 875 1522 cultu
889 1491 1005 1535 atque
1019 1483 1258 1521 humanitate
1273 1496 1363 1534 pro-

204 1545 352 1583 vinciae
372 1546 594 1596 longissime
625 1546 778 1592 absunt,
807 1545 1042 1596 minimeque
1061 1544 1112 1582 ad
1130 1556 1196 1581 eos
1215 1556 1365 1583 merca-

204 1614 307 1644 tores
327 1619 441 1658 saepe
462 1614 693 1652 commeant,
713 1614 829 1657 atque
848 1619 908 1653 ea,
937 1618 1036 1657 quae
1056 1605 1104 1643 ad
1136 1605 1363 1643 effeminan-

203 1668 273 1706 dos
305 1668 452 1706 animos
482 1668 693 1719 pertinent,
731 1669 959 1719 important3
994 1667 1240 1718 proximique
1271 1675 1364 1705 sunt

204 1729 421 1776 Germanis,
455 1729 520 1781 qui
553 1737 658 1767 trans
692 1730 872 1767 Rhenum
906 1729 1096 1775 incolunt,
1129 1729 1362 1779 quibuscum

203 1791 451 1829 continenter
479 1791 622 1828 bellum
651 1798 806 1841 gerunt.
839 1803 915 1841 qua
943 1790 992 1827 de
1025 1802 1161 1828 caussa
1187 1789 1364 1828 Helvetii

203 1865 356 1903 quoque
372 1852 538 1903 reliquos
557 1852 692 1890 Gallos
707 1853 850 1890 virtute
864 1852 1105 1903 praecedunt
1122 1867 1130 1895 ;
1160 1852 1265 1903 quod
1278 1852 1362 1890 fere

202 1914 435 1965 quotidianis
455 1914 610 1965 proeliis
629 1926 716 1952 cum
733 1913 938 1951 Germanis
957 1914 1214 1959 contendunt,
1240 1927 1362 1965 quum

202 1983 268 2013 aut
286 1976 364 2013 suis
382 1975 521 2013 finibus
555 1988 620 2013 eos
639 1975 861 2026 prohibent,
889 1982 956 2013 aut
974 1975 1045 2026 ipsi
1064 1974 1102 2011 in
1123 1988 1256 2013 eorum
1275 1975 1363 2013 fini-

200 2038 272 2075 bus
290 2036 434 2075 bellum
454 2044 608 2088 gerunt.
663 2037 808 2074 Eorum
841 2050 918 2075 una
946 2049 1048 2087 pars,
1080 2049 1195 2088 quam
1226 2036 1360 2075 Gallos

202 2099 378 2137 obtinere
394 2099 540 2136 dictum
557 2106 630 2146 est,
649 2099 800 2136 initium
817 2100 921 2150 capit
935 2112 956 2136 a
971 2098 1129 2136 flumine
1144 2098 1335 2137 Rhodano
1349 2115 1362 2144 3

202 2160 424 2198 continetur
443 2159 643 2198 Garumna
657 2160 830 2206 flumine,
858 2161 1032 2205 Oceano,
1060 2159 1200 2197 finibus
1221 2159 1360 2211 Belga-

200 2234 308 2266 rum;
335 2223 492 2273 attingit
511 2224 628 2260 etiam
654 2223 701 2260 ab
737 2221 926 2273 Sequanis
944 2228 985 2259 et
1003 2220 1195 2259 Helvetiis
1213 2221 1360 2260 fiumen

202 2282 382 2320 Rhenum
398 2297 408 2320 ε
428 2283 553 2334 vergit
572 2284 620 2321 ad
642 2283 960 2334 Septemtriones.
1008 2282 1150 2333 Belgae
1165 2283 1213 2320 ab
1228 2290 1361 2321 extre-

200 2343 271 2381 mis
303 2343 455 2383 Galliae
474 2344 613 2384 finibus
633 2344 836 2390 oriuntur3
863 2345 1061 2397 pertinent
1075 2343 1124 2383 ad
1136 2343 1359 2384 inferiorem

250 2404 361 2442 ΤοΜ.
390 2405 423 2442 Ι.
767 2406 805 2443 A
