1556 2683
266 219 338 254 161·
546 216 620 253 DE
662 216 840 254 BELLO
881 218 1126 256 GALLICO

265 319 366 357 fame
386 333 508 370 paene
529 329 770 358 consumtum
786 322 947 364 videtis;
974 335 1101 372 quem,
1123 321 1284 371 turpiter
1303 334 1342 358 se
1363 334 1413 359 ex

264 380 337 418 hac
368 381 460 432 fuga
479 382 745 432 recipientem,
775 395 823 419 ne
852 395 927 432 qua
947 382 1079 419 civitas
1099 381 1176 418 suis
1195 382 1334 419 finibus
1354 395 1412 419 re-

265 442 396 493 cipiat,
422 456 445 479 a
463 456 523 479 me
543 444 735 493 provisum
757 451 826 480 est.

317 504 424 540 XXI.
480 504 706 541 Conclamat
725 505 846 541 omnis
861 505 1081 550 multitudo,
1102 513 1141 542 et
1155 519 1223 542 suo
1236 519 1341 542 more
1357 517 1415 542 ar-

266 565 337 601 mis
357 572 581 615 concrepat,
614 566 716 615 quod
736 565 864 602 facere
885 566 922 601 in
950 579 995 603 eo
1023 567 1271 610 consuerunt,
1306 568 1415 615 cujus

266 625 477 662 orationem
492 626 708 676 approbant
722 639 730 661 :
751 639 940 662 summum
956 639 1038 663 esse
1054 626 1416 676 Vercingetorigem

266 686 419 730 ducem,
447 698 520 723 nec
539 686 587 722 de
607 688 690 735 ejus
709 685 786 722 fide
806 686 1073 732 dubitandum,
1104 699 1176 723 nec
1196 689 1338 736 majore
1359 699 1416 724 ra-

266 747 370 785 tione
390 747 532 784 bellum
549 747 802 784 administrari
822 760 946 797 posse.
1003 748 1201 793 Statuunt‚
1221 756 1263 785 ut
1283 747 1417 785 decem

266 808 384 845 millia
403 807 615 852 hominum,
636 808 789 847 delecta
818 821 867 845 ex
888 809 1065 845 omnibus
1097 809 1230 859 copiis,
1251 809 1288 845 in
1310 810 1418 859 oppi-

267 868 357 906 dum
378 868 666 913 submittantur,
699 881 772 904 neo
792 868 883 906 solis
902 868 1142 917 Biturigibus
1174 882 1417 906 communem

267 932 429 968 salutem
459 929 773 968 committendam
803 937 988 972 censent3
1013 930 1117 979 quod
1138 943 1255 980 penes
1276 943 1355 976 eos,
1388 931 1419 967 si

267 992 307 1029 id
327 992 509 1042 oppidum
544 990 803 1036 retinuissent,
832 1003 1018 1027 summam
1038 991 1222 1028 victoriae
1243 999 1421 1029 constare

270 1053 552 1103 intelligebant.

322 1114 451 1150 XXII.
508 1114 700 1164 Singulari
721 1114 883 1151 militum
905 1121 1124 1150 nostrorum
1146 1113 1275 1150 virtuti
1297 1114 1420 1152 consi-

269 1177 320 1213 lia
339 1177 524 1226 cujusque
544 1176 647 1212 modi
667 1175 869 1212 Gallorum
890 1175 1157 1219 occurrebant,
1179 1181 1220 1210 ut
1240 1182 1299 1211 cst
1318 1188 1419 1212 sum-

269 1250 353 1274 mae
379 1249 501 1286 genus
531 1236 737 1281 sollertiae,
775 1244 891 1285 atque
924 1235 972 1272 ad
1006 1235 1134 1271 omnia
1165 1235 1349 1271 imitanda
1381 1243 1422 1272 ct

271 1298 484 1342 efficienda,
523 1310 620 1347 quae
657 1298 704 1333 ab
737 1310 891 1347 quoque
924 1296 1138 1341 tradantur,
1170 1296 1424 1346 aptissimum.

271 1360 373 1397 Nam
390 1367 428 1396 et
443 1357 588 1408 laqueis
607 1357 726 1395 falces
745 1357 984 1401 avertebant,
1006 1369 1099 1406 quas
1117 1370 1234 1407 quum
1255 1357 1423 1394 destina-

271 1427 420 1466 verant,
454 1419 655 1457 tormentis
675 1419 861 1455 introrsus
882 1417 1121 1455 reducebant
1145 1434 1153 1461 ;
1180 1425 1219 1454 et
1238 1431 1420 1468 aggerem

274 1481 463 1519 cuniculis
482 1480 775 1525 subtrahebant,
805 1492 852 1517 eo
871 1478 1069 1524 scientius,
1104 1479 1207 1529 quod
1227 1479 1329 1529 apud
1359 1492 1425 1516 eos

272 1555 435 1593 magnae
455 1549 543 1579 sunt
561 1541 757 1587 ferrariae,
791 1548 906 1590 atque
926 1553 1039 1577 omne
1071 1553 1193 1590 genus
1223 1540 1424 1578 cuniculo-

274 1618 358 1641 rum
374 1611 507 1641 notum
523 1611 639 1654 atque
653 1602 834 1639 usitatum
848 1608 919 1638 est·
974 1601 1116 1637 Totum
1131 1609 1258 1638 autern
1275 1615 1425 1638 murum

275 1679 324 1703 ex
341 1666 444 1703 omni
460 1672 568 1716 parte
581 1663 750 1702 turribus
764 1663 1118 1707 contabulaverant,
1139 1669 1253 1712 atque
1274 1662 1341 1700 lias
1361 1676 1425 1700 co-

275 1728 340 1765 riis
372 1728 603 1764 intexerant.
657 1726 772 1771 Tum,
806 1724 949 1762 crebris
976 1723 1122 1760 diurnis
1148 1724 1423 1774 nocturnisque

277 1788 556 1838 eruptionibus,
572 1795 639 1825 aut
653 1786 786 1836 aggeri
802 1786 929 1835 ignem
944 1785 1173 1830 inferebant,
1194 1792 1259 1822 aut
1272 1786 1426 1833 milites,

277 1857 488 1900 occupatos
507 1850 544 1885 in
572 1861 704 1899 opere,
723 1847 1018 1886 adoriebantur:
1045 1853 1083 1882 et
1105 1854 1317 1884 nostrarum
1346 1854 1426 1884 tur-

276 1913 374 1949 rium
391 1911 646 1954 altitudinem,
663 1917 848 1960 quantum
868 1908 935 1945 has
955 1907 1200 1958 quotidianus
1219 1921 1338 1958 agger
1359 1922 1427 1945 ex-

279 1979 484 2023 presserat,
504 1970 714 2008 commissis
734 1982 887 2006 suarum
913 1969 1074 2006 turrium
1094 1968 1217 2014 malis,
1236 1969 1426 2019 adaequa-

278 2036 387 2079 bant,
403 2041 439 2071 et
460 2040 612 2084 apertos
628 2031 828 2069 cuniculos
844 2038 1021 2080 praeusta
1034 2038 1073 2067 et
1088 2038 1295 2080 praeacuta
1308 2038 1429 2068 mate-

280 2096 350 2141 ria,
370 2103 407 2133 et
427 2095 514 2145 pice
534 2093 757 2138 fervefacta,
777 2099 816 2129 et
835 2091 992 2128 maximi
1013 2092 1192 2141 ponderis
1212 2092 1328 2136 saxis,
1348 2106 1429 2129 mo-

281 2158 479 2201 rabantur,
500 2155 777 2204 moenibusque
796 2153 1104 2203 appropinquare
1124 2152 1392 2202 prohibebant.

336 2216 487 2253 XXIII.
542 2215 666 2252 Muris
693 2222 819 2251 autem
851 2212 1027 2249 omnibus
1048 2212 1207 2249 Gallicis
1237 2212 1333 2248 haec
1349 2211 1429 2249 fere

282 2278 406 2317 forma
425 2285 494 2315 est.
550 2276 695 2315 Trabes
721 2275 890 2312 directae
911 2280 1122 2324 perpetuae
1154 2273 1191 2310 in
1222 2273 1424 2323 longitudi*
