1556 2683
484 300 650 342 LIBER
703 304 813 342 VIII.
1176 309 1251 348 207

102 408 277 446 omnibus
311 408 508 458 cognitum
527 415 642 453 esset,
675 421 800 459 neque
820 407 896 446 ulla
915 407 1175 455 multitudine,
1206 409 1245 446 in

101 482 219 507 unum
247 469 374 506 locum
395 477 544 515 coacta,
576 470 701 508 resisti
721 483 832 521 posse
860 469 1067 513 Romanis;
1095 483 1182 516 nec,
1215 470 1247 506 si

102 529 251 566 diversa
269 529 371 567 bella
399 530 616 580 complures
635 531 771 568 eodem
805 538 978 581 tempore
1008 530 1168 568 inissent
1198 531 1251 568 ci-

103 590 254 635 vitam,
274 591 364 627 satis
383 591 530 636 auxilii,
550 597 615 628 aut
635 591 760 641 spatii,
781 599 847 628 aut
867 591 1077 643 copiarum,
1097 592 1249 629 habitu-

101 665 185 689 rum
212 651 426 689 exercitum
453 652 584 702 populi
606 651 771 689 Romani
789 652 838 689 ad
857 652 985 690 omnia
1015 666 1248 703 persequen-

100 713 149 750 da
169 727 177 749 :
206 725 284 749 non
303 725 386 750 esse
405 720 533 750 autem
554 713 665 751 alicui
687 713 831 750 civitati
851 720 992 750 sortem
1014 713 1248 751 incommodi

104 773 369 818 recusandam,
395 773 425 810 si
446 773 510 810 tali
531 786 637 811 mora
656 774 825 824 reliquae
844 781 1001 824 possent
1019 787 1060 812 se
1078 773 1248 811 vindica-

99 847 141 871 re
168 834 205 871 in
224 834 456 872 libertatem.

152 895 205 932 ΙΙ.
261 896 369 937 Quae
389 908 437 932 ne
458 894 586 946 opinio
607 895 806 933 Gallorum
828 895 1130 940 confirmaretur,
1151 895 1250 933 Cae-

99 969 161 994 sar
181 956 238 993 M.
261 957 476 994 Antonium
497 963 739 1007 quaestorem
759 954 835 994 suis
853 956 1040 1006 praefecit
1053 956 1247 994 hibernis:

101 1017 198 1068 ipse,
226 1031 313 1055 cum
333 1017 525 1067 equitatus
545 1017 750 1068 praesidio,
782 1017 903 1068 pridie
923 1017 1012 1054 Kal.
1044 1017 1248 1055 Janua1·ias

100 1079 149 1116 ab
182 1079 326 1129 oppido
358 1078 540 1116 Bibracte
571 1078 831 1128 proficiscitur
859 1079 906 1116 ad
925 1078 1117 1128 legionem
1148 1091 1246 1124 xnr,

99 1153 214 1190 quam
246 1152 321 1176 non
343 1139 457 1189 longe
477 1151 499 1176 a
518 1139 656 1176 finibus
683 1140 909 1177 Aeduorum
936 1139 1192 1177 collocaverat
1211 1140 1252 1176 in

99 1200 240 1237 finibus
271 1200 502 1251 Biturigum,
523 1200 637 1250 eique
656 1200 832 1250 adjungit
850 1200 1042 1250 legionem
1062 1212 1120 1245 xt,
1152 1213 1251 1250 quae

98 1261 275 1313 proxima
305 1261 444 1298 fuerat.
500 1261 607 1298 Binis
640 1261 864 1299 cohortibus
892 1262 941 1299 ad
975 1261 1249 1311 impedimenta

100 1323 245 1361 tuenda
264 1321 422 1368 relictis,
442 1322 633 1373 reliquum
653 1322 868 1360 exercitum
899 1323 937 1360 in
969 1323 1251 1374 copiosissimos

100 1397 213 1435 agros
246 1383 466 1434 Biturigum
499 1383 672 1421 inducit:
702 1384 781 1434 qui,
809 1397 926 1435 quum
957 1384 1055 1421 latos
1086 1384 1182 1421 fines
1212 1391 1253 1421 et

103 1446 302 1496 complura
318 1445 459 1496 oppida
472 1445 673 1489 haberent,
690 1445 803 1482 unius
815 1445 976 1495 legionis
989 1445 1157 1483 hibernis
1176 1459 1254 1483 non

101 1513 309 1557 potuerant
329 1506 533 1551 contineri,
549 1504 640 1555 quin
654 1505 797 1542 bellum
813 1512 1006 1556 pararent,
1020 1506 1254 1557 conjuratio-

100 1581 247 1618 nesque
268 1567 454 1605 facerent.

153 1628 228 1665 III.
284 1628 504 1678 Repentino
542 1628 709 1665 adventu
747 1628 922 1666 Caesaris
959 1628 1115 1675 accidit,
1149 1629 1253 1679 quod

100 1690 297 1741 imparatis
317 1690 566 1740 disiectisque
598 1690 775 1727 accidere
793 1689 867 1727 suit
893 1703 1067 1736 necesse,
1100 1698 1143 1728 ut
1168 1690 1250 1727 sine

101 1753 238 1790 timore
258 1751 336 1789 ullo
356 1764 445 1788 rura
464 1751 636 1789 colentes
655 1751 759 1801 prius
787 1752 835 1788 ab
867 1751 1041 1801 equitatu
1061 1751 1253 1802 opprime-

101 1821 249 1859 rentur,
282 1826 396 1864 quam
427 1812 637 1863 confugere
658 1812 695 1848 in
715 1812 856 1863 oppida
875 1820 1056 1863 possent:
1085 1826 1252 1863 namque

102 1875 218 1913 etiam
238 1874 331 1911 illud
349 1873 507 1923 vulgare
526 1873 752 1911 incursionis
773 1873 924 1923 signum
944 1873 1126 1919 hostium,
1147 1875 1250 1924 quod

100 1936 289 1974 incendiis
309 1934 570 1972 aedificiorum
589 1933 750 1985 intelligi
777 1934 991 1981 consuevit,
1013 1935 1188 1972 Caesaris
1214 1935 1253 1972 id

102 2004 186 2035 erat
219 1996 427 2033 interdicto
457 1995 671 2038 sublatum3
698 2008 748 2032 ne
781 2003 846 2032 aut
865 1995 977 2046 copia
1008 1996 1139 2046 pabuli
1172 1995 1253 2032 fru-

103 2058 316 2108 mentique,
342 2057 373 2093 si
392 2056 543 2107 longius
562 2056 743 2107 progredi
761 2057 890 2101 vellet,
910 2056 1155 2103 deficeretur,
1188 2065 1255 2094 aut

104 2119 235 2156 hostes
257 2118 444 2156 incendiis
463 2125 713 2155 terrerentur.
767 2117 906 2155 Multis
925 2117 1123 2155 hominum
1142 2117 1254 2154 milli-

104 2180 177 2217 bus
196 2180 334 2230 captiS‚
353 2179 547 2230 perterriti
563 2179 772 2229 Bituriges,
788 2179 851 2229 qui
868 2179 1031 2229 primum
1047 2179 1254 2216 adventum

104 2240 274 2292 effugere
294 2248 499 2292 potuerant
520 2241 796 2286 Romanorum,
812 2241 850 2277 in
869 2241 1048 2278 finitimas
1064 2240 1252 2286 civitates,

105 2309 171 2340 aut
190 2302 345 2353 privatis
358 2302 532 2352 hospitiis
548 2302 695 2348 confisi,
709 2309 775 2340 aut
788 2302 972 2339 societate
990 2302 1253 2349 consiliorum,

109 2363 375 2415 confugerant.
429 2363 607 2402 Frustra:
627 2376 715 2401 nam
732 2364 874 2402 Caesar
892 2363 1040 2414 magnis
1056 2363 1256 2402 itineribus
