1556 2683
295 224 368 260 184·
600 221 674 258 DE
704 220 882 259 BELLO
912 221 1156 261 GALLICO

289 324 448 362 navibus
476 332 702 370 avexerunt,
736 325 922 375 reliquum
941 325 1097 363 flumine
1125 332 1240 375 atque
1260 324 1442 362 incendio

292 394 567 437 corruperunt:
596 386 666 436 ipsi
686 400 735 423 ex
754 386 924 423 finitimis
939 386 1159 436 regionibus
1180 386 1308 435 copias
1324 399 1439 436 coge-

294 458 349 491 re,
369 447 557 496 praesidia
577 447 847 496 custodiasque
867 447 916 483 ad
931 447 1031 496 ripas
1051 446 1201 496 Ligeris
1221 447 1442 496 disponere,

288 506 581 556 equitatumque
601 506 776 542 omnibus
797 505 890 542 locis
911 506 1106 555 injiciendi
1138 505 1284 543 timoris
1305 517 1440 542 caussa

291 574 500 612 ostentare,
521 572 757 616 coeperunt;
784 565 815 602 si
834 565 880 602 ab
902 578 942 602 re
975 565 1225 602 frumentaria
1246 565 1441 601 Romanos

287 627 495 664 excludere
521 628 609 675 [aut
639 626 827 663 adductos
847 626 976 676 inopia
994 639 1044 663 ex
1075 626 1271 676 provincia
1304 626 1439 662 exclu-

287 687 404 736 dere]
430 695 598 737 possent.
652 688 776 729 Quam
803 686 850 724 ad
869 700 976 737 spem
997 687 1158 723 multum
1180 700 1245 724 eos
1278 686 1437 735 adjuva-

288 748 368 793 bat,
396 748 499 798 quod
520 748 637 797 Liger
655 760 706 784 ex
725 748 875 785 nivibus
896 756 1082 793 creverat,
1111 755 1152 785 ut
1170 748 1325 784 omnino
1344 747 1442 785 vado

286 820 363 844 non
385 821 495 857 posse
515 807 665 845 transiri
687 807 896 844 videretur.

341 868 448 904 LVI.
504 869 654 910 Quibus
674 868 787 904 rebus
807 867 988 917 cognitis,
1009 868 1150 904 Caesar
1171 866 1439 903 maturandum

291 929 362 966 sibi
384 929 549 974 censuit,
578 929 608 966 si
628 936 728 966 esset
749 928 785 964 in
805 928 1050 978 perficiendis
1081 928 1262 977 pontibus
1292 926 1444 976 pericli-

293 990 466 1036 tandum,
488 998 530 1028 ut
543 990 660 1040 prius,
681 1002 794 1040 quam
811 998 939 1027 essent
954 992 1116 1038 maiores
1136 1002 1180 1025 eo
1202 996 1360 1025 coactae
1377 1000 1442 1025 co-

290 1050 392 1101 piae,
426 1051 638 1088 dimicaret.
666 1063 766 1096 nam,
797 1057 839 1087 ut
860 1058 1095 1087 commutato
1126 1049 1284 1086 consilio
1305 1048 1377 1085 iter
1405 1048 1446 1085 in

290 1111 527 1162 provinciam
559 1118 815 1154 converteret,
852 1110 914 1161 (ut
935 1124 1048 1147 nemo
1081 1123 1158 1147 non
1187 1118 1266 1147 tum
1289 1109 1444 1159 quidem

292 1172 511 1209 necessario
530 1171 750 1209 faciendum
783 1170 1049 1221 existimabat)
1074 1184 1191 1221 quum
1211 1169 1366 1207 infamia
1384 1175 1441 1206 at-

294 1246 369 1283 que
401 1233 606 1282 indignitas
626 1233 695 1278 rei,
724 1240 764 1270 et
784 1233 981 1283 oppositus
1000 1244 1110 1268 mons
1141 1232 1338 1276 Cevenna,
1368 1230 1445 1267 via-

291 1307 454 1344 rumque
489 1293 689 1331 difficultas
724 1292 955 1343 impediebat
972 1307 980 1328 :
1010 1300 1089 1329 tum
1124 1292 1303 1336 maxime,
1341 1291 1446 1342 quod

297 1354 517 1405 Agendico‚
538 1355 710 1392 Labieno
726 1362 842 1405 atque
863 1354 908 1390 iis
927 1354 1155 1403 legionibus,
1172 1366 1264 1404 quas
1281 1366 1357 1390 una
1374 1353 1444 1389 mi-

293 1423 409 1460 serat,
429 1416 680 1453 vehementer
698 1416 871 1452 timebat.
927 1415 1077 1465 ltaque,
1111 1415 1316 1452 admodum
1337 1427 1443 1465 mag-

294 1476 367 1523 nis,
384 1476 530 1513 diurnis
543 1484 659 1527 atque
680 1475 892 1521 nocturnis,
908 1475 1109 1512 itineribus
1129 1475 1329 1520 confectis,
1351 1488 1445 1512 con·

293 1545 353 1575 tra
368 1537 539 1574 omnium
555 1538 774 1588 opinionem
795 1537 843 1574 ad
863 1536 1034 1586 Ligerim
1049 1536 1224 1587 pervenit
1242 1552 1250 1579 3
1269 1536 1445 1587 vadoque

293 1611 362 1649 per
381 1598 531 1649 equites
552 1598 721 1644 invento,
742 1611 810 1648 pro
832 1598 887 1634 rei
904 1598 1132 1635 necessitate
1153 1606 1384 1648 opportuno,
1401 1605 1444 1636 ut

293 1660 452 1698 brachia
470 1660 585 1697 modo
606 1667 722 1710 atque
742 1659 890 1697 humeri
907 1659 955 1696 ad
971 1659 1194 1696 sustinenda
1212 1671 1317 1696 arma
1334 1659 1447 1697 liberi

295 1721 343 1758 ab
374 1733 473 1771 aqua
493 1734 576 1758 esse
591 1727 759 1772 possent,
781 1720 965 1771 disposito
986 1720 1173 1770 equitatu,
1195 1719 1260 1770 qui
1279 1719 1353 1756 vim
1373 1720 1446 1757 flu-

298 1781 411 1818 minis
430 1780 673 1831 refringeret,
695 1788 810 1831 atque
827 1780 998 1817 hostibus
1013 1780 1137 1830 primo
1157 1779 1343 1830 adspectu
1359 1793 1445 1830 per-

297 1841 474 1886 turbatis,
503 1841 735 1879 ineolumem
755 1842 970 1879 exercitum
1003 1841 1249 1878 transduxit:
1277 1841 1446 1879 frumen-

297 1911 455 1953 tumque
475 1901 512 1938 in
533 1902 634 1952 agris
654 1910 692 1940 et
711 1903 864 1953 peeoris
885 1902 1035 1952 copiam
1057 1911 1205 1948 nactus,
1233 1903 1382 1953 repleto
1402 1903 1447 1941 iis

296 1963 412 2000 rebus
432 1963 621 2008 exercitu,
648 1963 721 2000 iter
741 1963 777 1999 in
802 1964 974 2000 Senonas
993 1962 1120 2000 facere
1141 1962 1316 2000 instituit.

320 2024 447 2061 LVII.
502 2024 605 2061 Dum
626 2024 722 2061 haec
743 2025 843 2074 apud
865 2025 1068 2061 Caesarem
1085 2032 1284 2074 geruntur,
1305 2025 1445 2063 Labie-

294 2098 380 2131 nus,
411 2098 457 2123 eo
478 2085 758 2136 supplemento,
782 2085 885 2135 quod
916 2098 1038 2136 nuper
1058 2098 1107 2122 ex
1128 2085 1239 2122 ltalia
1271 2093 1449 2132 venerat,-

294 2146 430 2182 relicto
447 2145 709 2196 Agendici,ut
721 2153 822 2182 esset
838 2145 1123 2195 impedimentis
1139 2145 1341 2195 praesidio,
1356 2159 1444 2183 cum

295 2219 341 2243 iv
360 2207 576 2256 legionibus
602 2205 797 2243 Lutetiam
827 2206 1094 2256 proficiscitur.
1123 2206 1161 2243 id
1181 2214 1238 2244 est
1258 2206 1443 2257 oppidum

296 2266 544 2314 Parisiorum,
565 2267 732 2318 positum
750 2267 787 2303 in
802 2267 925 2305 insula
944 2267 1111 2304 fluminis
1133 2267 1346 2317 Sequanae.
1367 2267 1444 2304 Cu·
