1556 2683
520 226 685 265 LIBER
739 227 828 264 VII.
1171 232 1245 270 165

100 342 202 375 nem,
232 330 386 380 paribus
408 330 630 377 intervallis,
664 332 850 369 distantes
871 331 971 369 inter
991 344 1031 369 sc
1050 332 1162 370 binos
1182 346 1246 383 pe-

99 389 180 435 des,
212 391 250 426 in
271 391 352 427 solo
373 391 637 429 collocantur:
667 392 738 430 hae
758 392 1022 430 revinciuntur
1049 394 1248 439 introrsus,

100 458 139 488 et
154 452 275 488 multo
305 464 446 502 aggere
477 453 704 490 vestiuntur.
760 453 818 491 Ea
846 461 988 500 autem,
1019 467 1118 505 quae
1150 453 1250 492 dixi-

99 525 198 557 mus,
220 512 421 550 intervalla
434 514 645 563 grandibus
665 514 700 551 in
721 514 848 552 fronte
868 514 969 552 saxis
990 515 1253 552 effarciuntur.

99 573 173 610 His
194 573 393 612 collocatis
408 582 448 611 et
467 576 759 625 coagmentatis,
780 576 875 613 alius
896 577 1050 627 insuper
1070 576 1165 613 ordo
1185 575 1251 613 ad-

93 635 242 683 jicitur,
257 642 297 672 ut
319 635 418 673 idem
441 636 535 673 illud
551 637 790 674 intervallum
808 645 993 681 servetur,
1010 650 1137 688 neque
1151 638 1252 675 inter

98 707 139 732 se
160 696 388 746 contingant
415 697 557 742 trabes,
587 697 654 734 sed
675 697 829 748 paribus
849 698 1088 736 intermissae
1107 698 1253 749 spatiis,

96 757 271 807 singulae
291 757 451 808 singulis
472 758 573 795 saxis
595 758 822 808 interJectis,
843 766 950 796 arcte
967 759 1253 797 contineantur.

98 817 153 854 sic
173 817 358 868 deinceps
377 831 490 856 omne
511 831 606 869 opus
639 819 876 864 contexitur,
910 819 1001 856 dum
1031 821 1135 869 justa
1155 819 1253 856 muri

99 878 263 915 altitudo
283 879 500 928 expleatur.
555 879 645 916 Hoc
662 892 749 917 curn
767 880 803 916 in
824 880 993 931 speciem
1011 881 1254 918 varietatem-

96 952 171 990 que
191 953 286 990 opus
307 939 479 977 deforme
496 953 573 978 non
593 948 665 987 est,
686 941 844 978 alternis
864 942 1050 987 trabibus,
1067 955 1112 979 ac
1132 942 1250 988 saxis,

101 1013 198 1052 quae
221 1001 337 1037 rectis
356 1001 465 1039 lineis
486 1014 573 1039 suos
593 1002 746 1039 ordines
777 1010 954 1040 servant:
986 1010 1066 1040 tum
1086 1002 1134 1040 ad
1155 1003 1256 1039 utili-

100 1069 234 1107 tatem,
250 1070 289 1099 et
309 1062 574 1100 defensionem
592 1063 758 1108 urbium,
774 1076 959 1101 summam
976 1064 1092 1101 habet
1112 1077 1255 1115 oppor-

100 1124 320 1169 tunitatem,
353 1124 455 1173 quod
485 1131 524 1160 et
554 1125 602 1160 ab
636 1123 816 1161 incendio
848 1125 958 1174 lapis,
996 1132 1035 1162 et
1055 1126 1102 1162 ab
1132 1126 1253 1162 ariete

99 1185 260 1222 materia
275 1184 462 1231 defendit,
477 1197 590 1235 quae,
605 1184 802 1234 perpetuis
817 1185 988 1222 trabibus
1003 1185 1121 1236 pedes
1138 1186 1257 1236 quad-

100 1258 264 1296 ragenos
277 1245 506 1296 plerumque
522 1245 707 1282 introrsus
722 1245 907 1291 revincta,
922 1259 1046 1297 neque
1060 1246 1258 1297 perrumpi

103 1320 229 1357 neque
249 1306 409 1343 distrahi
430 1314 572 1357 potest.

153 1368 302 1405 XXIV.
357 1368 409 1405 Iis
430 1375 488 1405 tot
504 1369 618 1406 rebus
639 1368 823 1418 impedita
839 1369 1142 1420 oppugnatione,
1162 1368 1260 1405 mili-

98 1438 170 1474 tes,
191 1442 307 1479 quum
327 1436 411 1466 toto
432 1436 604 1479 tempore
623 1428 719 1474 luto,
752 1429 909 1479 frigore,
939 1437 978 1467 et
998 1430 1160 1468 assiduis
1188 1430 1257 1468 im-

100 1491 248 1536 bribus,
270 1491 529 1536 tardarentur,
562 1497 692 1527 tamen
724 1491 940 1529 continenti
973 1492 1104 1529 labore
1135 1492 1263 1529 omnia

100 1552 199 1589 haec
215 1559 506 1602 superaverunt,
528 1558 566 1588 et
586 1551 722 1588 diebus
742 1564 827 1588 xxv
846 1565 1043 1603 aggerem,
1063 1552 1182 1590 latum
1195 1567 1262 1603 pe-

100 1613 168 1650 des
188 1624 361 1658 cccxxx,
381 1612 500 1650 altum
516 1612 635 1664 pedes
656 1624 776 1658 Lxxx,
793 1621 1085 1651 exstruxerunt.
1127 1616 1256 1656 Quum

99 1674 132 1712 is
152 1688 302 1712 murum
319 1674 486 1711 hostium
506 1686 629 1724 paene
646 1674 905 1724 contingeret,
927 1681 967 1711 et
987 1674 1132 1712 Caesar
1152 1675 1200 1712 ad
1221 1689 1262 1712 0-

101 1748 173 1786 pus
193 1735 474 1773 consuetudine
495 1735 721 1780 excubaret,
737 1735 956 1786 militesque
977 1735 1261 1782 cohortaretur,

104 1810 153 1834 ne
182 1796 286 1846 quod
318 1796 475 1834 omnino
507 1803 660 1846 tempus
693 1796 741 1832 ab
767 1809 884 1846 opere
915 1797 1263 1841 intermitteretur3

103 1858 233 1909 paullo
249 1866 339 1896 ante
355 1869 406 1894 111
423 1858 590 1908 vigiliam
612 1866 670 1895 est
688 1857 1009 1904 animadversum,
1029 1858 1177 1896 fumare
1195 1872 1262 1909 ag-

104 1933 252 1970 gerem,
273 1932 388 1969 quem
418 1919 599 1956 cuniculo
620 1919 750 1957 hostes
769 1919 1075 1957 succenderant:
1105 1920 1261 1958 eodem-

106 1994 182 2031 que
198 1989 372 2031 tempore
386 1987 468 2018 toto
489 1994 598 2018 muro
614 1981 781 2018 clamore
797 1981 962 2026 sublato,
980 1981 1129 2019 duabus
1146 1982 1266 2033 portis

106 2043 154 2080 ab
176 2050 339 2093 utroque
360 2042 482 2079 latere
502 2042 663 2079 turrium
690 2042 841 2092 eruptio
861 2042 991 2079 fiebat.
1047 2044 1126 2080 Alii
1145 2043 1264 2089 faces,

106 2111 223 2154 atque
243 2103 387 2140 aridam
408 2103 623 2149 materiem,
655 2103 703 2140 de
722 2115 832 2139 muro
853 2101 891 2138 in
912 2115 1094 2152 aggerem
1116 2103 1266 2140 eminus

103 2164 316 2213 jaciebant,
337 2164 478 2214 picem,
498 2164 743 2215 reliquasque
763 2177 838 2209 res,
852 2163 990 2213 quibus
1006 2163 1105 2213 ignis
1121 2163 1266 2201 excita-

109 2225 141 2262 ri
173 2232 316 2276 potest,
346 2225 584 2269 fundebant;
613 2233 668 2271 ut,
689 2238 765 2276 quo
786 2226 949 2275 primum
981 2232 1266 2269 occurreretur,

109 2294 176 2324 aut
208 2286 269 2324 cui
290 2286 343 2324 rei
364 2285 528 2324 ferretur
557 2286 757 2333 auxilium,
790 2286 854 2323 vix
888 2286 986 2324 ratio
1006 2286 1092 2324 iniri
1124 2292 1267 2337 posset.
