1556 2683
195 303 219 337 8
478 298 552 336 DE
593 289 773 336 BELLO
814 292 1060 336 GALLICO

192 401 336 452 liquam
355 415 457 447 esse;
491 403 539 440 do
559 402 673 440 tertia
691 402 820 452 vigilia
838 415 927 440 cum
945 400 1160 451 legionibus
1180 400 1300 438 tribu's
1320 407 1343 438 ε’

193 462 326 499 castris
345 462 554 512 profectus,
575 463 623 499 ad
642 475 726 499 eam
745 470 894 512 partem
912 461 1102 512 pervenit,
1130 474 1228 512 quae
1246 474 1342 498 nona

191 522 281 559 dum
302 523 446 560 flumen
461 524 676 561 transierat.
722 523 800 560 Eos
820 523 1024 573 impeditos
1044 529 1082 559 et
1102 521 1343 573 inopinantes

191 596 408 633 aggressus,
441 598 619 635 magnam
652 597 784 622 eorum
813 591 962 634 partem
982 583 1174 621 concidit:
1204 583 1342 633 reliqui

189 643 306 693 fugae
337 658 419 682 sese
438 646 682 691 mandarunt,
717 653 832 696 atque
853 645 890 681 in
910 646 1103 695 proximas
1133 644 1245 681 silvas
1278 645 1344 681 ab·

191 704 386 742 (liderunt.
439 706 477 743 Is
495 719 617 756 pagus
636 706 901 757 appellabatur
915 705 1137 755 Tigurinus.
1157 718 1244 742 nam
1261 719 1342 742 orn-

190 767 249 804 nis
269 767 401 804 civitas
425 766 608 804 Helvetia
627 767 663 803 in
681 773 844 818 quatuor
863 779 983 816 pagos
1003 766 1124 803 divisa
1139 774 1209 803 est.
1264 766 1344 805 Hic

189 841 310 879 pagus
337 841 449 873 unus,
481 842 598 878 quum
629 828 743 866 domo
764 829 922 873 exisset,
954 834 1105 879 patrum
1125 834 1343 865 nostrorum

189 889 372 927 memoria
399 888 445 926 L.
466 889 638 927 Cassium
672 889 869 926 consulem
898 888 1161 934 interfecerat,
1193 896 1232 926 et
1261 891 1342 939 ejus

188 951 406 988 exercitum
436 951 665 1000 subjugum
685 950 852 987 miserat.
909 949 981 994 Ita,
1015 949 1093 986 sive
1127 963 1232 996 casu,
1263 951 1342 987 sive

190 1012 350 1048 consilio
364 1012 523 1048 deorum
543 1011 828 1056 immortalium,
842 1023 940 1061 quae
959 1023 1046 1060 pars
1063 1010 1228 1048 civitatis
1245 1011 1341 1048 Hel·

187 1073 312 1111 vetiae
332 1073 518 1123 insignem
549 1072 804 1110 calamitatem
825 1072 968 1123 populo
998 1071 1174 1109 Romano
1202 1071 1341 1109 intule-

188 1142 259 1180 rat,
288 1148 334 1172 ea
352 1135 531 1185 princeps
561 1145 705 1184 poenas
723 1133 919 1184 persolvit.
974 1135 1060 1175 Qua
1078 1133 1116 1169 in
1136 1146 1177 1170 re
1198 1133 1339 1171 Caesar

187 1208 265 1231 non
285 1195 407 1231 solum
427 1194 613 1244 publicas,
641 1193 711 1230 sed
736 1193 851 1231 etiam
883 1193 1062 1244 privataS,
1095 1193 1250 1243 injurias
1281 1193 1338 1230 ul-

187 1263 249 1293 tus
269 1263 341 1301 est,
371 1255 476 1306 quod
494 1257 576 1304 ejus
595 1255 717 1291 soceri
751 1255 797 1291 L.
831 1254 980 1291 Pisonis
1006 1267 1132 1299 avum,
1166 1254 1212 1291 L.
1233 1253 1339 1292 Piso-

186 1331 275 1355 nem
294 1318 479 1367 legatum,
509 1316 684 1366 Tigurini
705 1316 837 1354 eodem
859 1315 1019 1366 proelio,
1049 1328 1124 1366 quo
1145 1315 1335 1361 Cassium,

185 1379 475 1417 interfecerant.

238 1439 352 1476 XIII.
406 1439 497 1477 Hoc
525 1439 672 1489 proelio
702 1439 820 1486 sacto,
848 1440 1014 1490 reliquas
1034 1439 1164 1490 copias
1192 1440 1338 1478 Helve-

185 1500 326 1538 tiorum
346 1507 388 1538 ut
408 1500 591 1550 consequi
604 1507 748 1551 posset,
761 1508 917 1551 pontem
933 1501 971 1537 in
988 1501 1102 1538 Arari
1116 1501 1337 1539 faciendum

186 1569 310 1609 curat,
338 1570 453 1613 atque
474 1562 527 1599 ita
545 1562 763 1600 exercitum
783 1562 1009 1599 transducit.
1065 1562 1251 1609 Helvetii,
1280 1577 1340 1602 re-

184 1624 343 1675 pentino
377 1626 459 1674 ejus
483 1623 651 1661 adventu
684 1622 882 1669 commoti,
924 1636 1041 1674 quum
1061 1623 1114 1669 id,
1143 1624 1246 1674 quod
1267 1624 1338 1675 ipsi

185 1687 319 1724 diebus
338 1699 393 1723 xx
423 1684 635 1734 aegerrime
664 1684 926 1730 confecerant,
956 1692 998 1722 ut
1029 1685 1173 1723 flumen
1200 1687 1338 1723 transi-

186 1754 286 1793 rent,
320 1760 397 1783 uno
417 1745 521 1782 illum
542 1744 603 1782 die
632 1744 770 1782 secisse
804 1745 1080 1797 intelligerent,
1110 1746 1256 1796 legatos
1286 1747 1335 1784 ad

183 1820 271 1845 eum
291 1807 469 1844 mittunt:
497 1807 606 1856 cujus
638 1806 840 1857 legationis
860 1808 1000 1845 Divico
1033 1808 1213 1859 princeps
1245 1808 1333 1855 fuit,

186 1870 250 1920 qui
269 1869 372 1906 bello
406 1869 589 1906 Cassiano
623 1869 703 1905 dux
724 1868 993 1906 Helvetiorum
1021 1869 1159 1907 fuerat.
1225 1869 1263 1907 Is
1283 1870 1337 1908 ita

185 1944 272 1968 cum
303 1931 467 1967 Caesare
487 1930 590 1980 agit:
621 1929 662 1966 Si
693 1942 827 1980 pacem
847 1931 1010 1980 populus
1031 1930 1228 1968 Romanus
1247 1944 1336 1969 cum

186 1991 377 2028 Helvetiis
395 1991 554 2037 faceret,
574 1991 613 2028 in
629 2004 712 2029 eam
728 1998 875 2042 partem
891 1992 1010 2029 ituros
1029 1999 1145 2042 atque
1165 1992 1217 2029 ibi
1229 1991 1335 2029 futu-

185 2065 247 2090 ros
268 2052 482 2098 Helvetios,
503 2052 568 2090 ubi
587 2065 652 2090 eos
672 2053 815 2089 Caesar
835 2052 1095 2089 constituisset
1114 2059 1230 2103 atque
1251 2065 1335 2090 esse

184 2113 392 2151 voluisset:
420 2114 477 2150 sin
496 2113 598 2151 bello
618 2113 795 2164 persequi
813 2122 1087 2165 perseveraret,
1114 2112 1335 2150 reminisce-

185 2182 290 2212 retur
318 2182 357 2211 et
375 2175 515 2213 voteris
535 2175 768 2213 incommodi
787 2175 918 2226 populi
945 2174 1123 2220 Romani,
1144 2181 1183 2211 et
1206 2173 1335 2225 pristi-

185 2246 257 2271 nae
271 2234 420 2272 virtutis
438 2235 718 2273 Helvetiorum.
772 2236 887 2277 Quod
906 2236 1111 2286 improviso
1131 2248 1248 2272 unum
1268 2247 1333 2285 pa-

184 2309 275 2345 gum
294 2295 449 2333 adortus
482 2304 596 2342 esset,
617 2310 734 2348 quum
754 2296 793 2343 ii,
821 2297 885 2347 qui
918 2297 1062 2334 flumen
1092 2297 1332 2342 transissent,

187 2356 262 2393 suis
281 2356 466 2394 auxilinm
481 2358 581 2395 ferre
599 2371 672 2395 non
688 2365 870 2410 possent3
889 2371 951 2405 ne,
971 2359 1020 2396 ob
1039 2371 1124 2398 eam
1143 2370 1240 2406 rem,
1265 2364 1333 2395 aut,
