<?xml version="1.0" encoding="UTF-8"?>
<!DOCTYPE html PUBLIC "-//W3C//DTD XHTML 1.0 Transitional//EN"
    "http://www.w3.org/TR/xhtml1/DTD/xhtml1-transitional.dtd">
<html xmlns="http://www.w3.org/1999/xhtml" xml:lang="en" lang="en">
 <head>
  <title>
</title>
<meta http-equiv="Content-Type" content="text/html;charset=utf-8" />
  <meta name='ocr-system' content='tesseract 3.04.00' />
  <meta name='ocr-capabilities' content='ocr_page ocr_carea ocr_par ocr_line ocrx_word'/>
</head>
<body>
  <div class='ocr_page' id='page_1' title='image "./debellogallicoet01caesuoft_0252.png"; bbox 0 0 1556 2683; ppageno 0'>
   <div class='ocr_carea' id='block_1_1' title="bbox 264 285 1139 326">
    <p class='ocr_par' dir='ltr' id='par_1_1' title="bbox 264 285 1139 326">
     <span class='ocr_line' id='line_1_1' title="bbox 264 285 1139 326; baseline 0 -1"><span class='ocrx_word' id='word_1_1' title='bbox 264 286 342 326; x_wconf 75' lang='lat'>228</span> <span class='ocrx_word' id='word_1_2' title='bbox 566 286 641 323; x_wconf 90' lang='lat' dir='ltr'>DE</span> <span class='ocrx_word' id='word_1_3' title='bbox 678 286 860 324; x_wconf 88' lang='lat' dir='ltr'>BELLO</span> <span class='ocrx_word' id='word_1_4' title='bbox 895 285 1139 326; x_wconf 87' lang='lat' dir='ltr'><strong>GALLICO</strong></span> 
     </span>
    </p>
   </div>
   <div class='ocr_carea' id='block_1_2' title="bbox 259 389 1418 2398">
    <p class='ocr_par' dir='ltr' id='par_1_2' title="bbox 261 389 1418 1403">
     <span class='ocr_line' id='line_1_2' title="bbox 261 389 1409 441; baseline 0.003 -15"><span class='ocrx_word' id='word_1_5' title='bbox 261 389 412 427; x_wconf 81' lang='lat' dir='ltr'>videret</span> <span class='ocrx_word' id='word_1_6' title='bbox 427 389 504 427; x_wconf 78' lang='lat' dir='ltr'>ulla</span> <span class='ocrx_word' id='word_1_7' title='bbox 519 390 739 428; x_wconf 85' lang='lat' dir='ltr'>conditione</span> <span class='ocrx_word' id='word_1_8' title='bbox 751 404 879 441; x_wconf 81' lang='lat' dir='ltr'>posse3</span> <span class='ocrx_word' id='word_1_9' title='bbox 898 404 1037 441; x_wconf 80' lang='lat' dir='ltr'>magna</span> <span class='ocrx_word' id='word_1_10' title='bbox 1056 397 1185 427; x_wconf 83' lang='lat' dir='ltr'>autem</span> <span class='ocrx_word' id='word_1_11' title='bbox 1202 391 1314 441; x_wconf 78' lang='lat' dir='ltr'>copia</span> <span class='ocrx_word' id='word_1_12' title='bbox 1332 391 1409 430; x_wconf 84' lang='lat' dir='ltr'>fru-</span> 
     </span>
     <span class='ocr_line' id='line_1_3' title="bbox 263 450 1412 502; baseline 0.003 -15"><span class='ocrx_word' id='word_1_13' title='bbox 263 450 384 488; x_wconf 83' lang='lat' dir='ltr'>menti</span> <span class='ocrx_word' id='word_1_14' title='bbox 404 451 599 488; x_wconf 82' lang='lat' dir='ltr'>abundare</span> <span class='ocrx_word' id='word_1_15' title='bbox 615 451 843 502; x_wconf 69' lang='lat' dir='ltr'>oppidanos,</span> <span class='ocrx_word' id='word_1_16' title='bbox 861 465 911 489; x_wconf 84' lang='lat' dir='ltr'>ex</span> <span class='ocrx_word' id='word_1_17' title='bbox 930 451 1100 502; x_wconf 85' lang='lat' dir='ltr'>perfugis</span> <span class='ocrx_word' id='word_1_18' title='bbox 1120 452 1346 502; x_wconf 57' lang='lat' dir='ltr'>cognossem</span> <span class='ocrx_word' id='word_1_19' title='bbox 1372 465 1412 491; x_wconf 83' lang='lat' dir='ltr'>a-</span> 
     </span>
     <span class='ocr_line' id='line_1_4' title="bbox 266 511 1415 562; baseline 0.003 -15"><span class='ocrx_word' id='word_1_20' title='bbox 266 521 342 560; x_wconf 79' lang='lat' dir='ltr'>qua</span> <span class='ocrx_word' id='word_1_21' title='bbox 369 511 574 561; x_wconf 84' lang='lat' dir='ltr'>prohibere</span> <span class='ocrx_word' id='word_1_22' title='bbox 593 512 743 548; x_wconf 73' lang='lat' dir='ltr'>hostem</span> <span class='ocrx_word' id='word_1_23' title='bbox 775 520 925 550; x_wconf 80' lang='lat' dir='ltr'>tentare</span> <span class='ocrx_word' id='word_1_24' title='bbox 946 512 1086 562; x_wconf 84' lang='lat' dir='ltr'>coepit.</span> <span class='ocrx_word' id='word_1_25' title='bbox 1143 511 1302 550; x_wconf 84' lang='lat' dir='ltr'>Flumen</span> <span class='ocrx_word' id='word_1_26' title='bbox 1331 513 1415 550; x_wconf 82' lang='lat' dir='ltr'>infi-</span> 
     </span>
     <span class='ocr_line' id='line_1_5' title="bbox 265 566 1417 623; baseline 0.001 -13"><span class='ocrx_word' id='word_1_27' title='bbox 265 583 366 611; x_wconf 85' lang='lat' dir='ltr'>mam</span> <span class='ocrx_word' id='word_1_28' title='bbox 386 572 522 609; x_wconf 78' lang='lat' dir='ltr'>vallem</span> <span class='ocrx_word' id='word_1_29' title='bbox 537 566 746 618; x_wconf 75' lang='lat' dir='ltr'>dividebat,</span> <span class='ocrx_word' id='word_1_30' title='bbox 767 587 864 623; x_wconf 84' lang='lat' dir='ltr'>quae</span> <span class='ocrx_word' id='word_1_31' title='bbox 878 581 1001 610; x_wconf 87' lang='lat' dir='ltr'>totum</span> <span class='ocrx_word' id='word_1_32' title='bbox 1017 586 1141 623; x_wconf 83' lang='lat' dir='ltr'>paene</span> <span class='ocrx_word' id='word_1_33' title='bbox 1154 581 1325 611; x_wconf 81' lang='lat' dir='ltr'>montem</span> <span class='ocrx_word' id='word_1_34' title='bbox 1337 574 1417 612; x_wconf 81' lang='lat' dir='ltr'>cin·-</span> 
     </span>
     <span class='ocr_line' id='line_1_6' title="bbox 266 632 1415 685; baseline 0.003 -17"><span class='ocrx_word' id='word_1_35' title='bbox 266 633 398 682; x_wconf 80' lang='lat' dir='ltr'>gebat,</span> <span class='ocrx_word' id='word_1_36' title='bbox 419 632 455 669; x_wconf 88' lang='lat' dir='ltr'>in</span> <span class='ocrx_word' id='word_1_37' title='bbox 477 646 553 682; x_wconf 87' lang='lat' dir='ltr'>quo</span> <span class='ocrx_word' id='word_1_38' title='bbox 573 633 738 684; x_wconf 83' lang='lat' dir='ltr'>positum</span> <span class='ocrx_word' id='word_1_39' title='bbox 759 642 856 678; x_wconf 82' lang='lat' dir='ltr'>erat,</span> <span class='ocrx_word' id='word_1_40' title='bbox 874 640 1122 684; x_wconf 84' lang='lat' dir='ltr'>praeruptum</span> <span class='ocrx_word' id='word_1_41' title='bbox 1142 633 1326 683; x_wconf 81' lang='lat' dir='ltr'>undique,</span> <span class='ocrx_word' id='word_1_42' title='bbox 1346 647 1415 685; x_wconf 88' lang='lat' dir='ltr'>op·</span> 
     </span>
     <span class='ocr_line' id='line_1_7' title="bbox 267 693 1411 744; baseline 0.003 -16"><span class='ocrx_word' id='word_1_43' title='bbox 267 693 397 743; x_wconf 81' lang='lat' dir='ltr'>pidum</span> <span class='ocrx_word' id='word_1_44' title='bbox 422 693 725 732; x_wconf 71' lang='lat' dir='ltr'><strong>Uxellodunum.</strong></span> <span class='ocrx_word' id='word_1_45' title='bbox 780 695 870 732; x_wconf 89' lang='lat' dir='ltr'>Hoc</span> <span class='ocrx_word' id='word_1_46' title='bbox 896 695 1088 744; x_wconf 83' lang='lat' dir='ltr'>[flumen]</span> <span class='ocrx_word' id='word_1_47' title='bbox 1112 695 1232 732; x_wconf 83' lang='lat' dir='ltr'>averti</span> <span class='ocrx_word' id='word_1_48' title='bbox 1251 695 1325 733; x_wconf 89' lang='lat' dir='ltr'>loci</span> <span class='ocrx_word' id='word_1_49' title='bbox 1345 708 1411 733; x_wconf 80' lang='lat' dir='ltr'>na-</span> 
     </span>
     <span class='ocr_line' id='line_1_8' title="bbox 263 754 1414 804; baseline 0.003 -14"><span class='ocrx_word' id='word_1_50' title='bbox 263 761 350 791; x_wconf 82' lang='lat' dir='ltr'>tura</span> <span class='ocrx_word' id='word_1_51' title='bbox 370 754 620 804; x_wconf 79' lang='lat' dir='ltr'>prohibebat:</span> <span class='ocrx_word' id='word_1_52' title='bbox 646 756 700 792; x_wconf 88' lang='lat' dir='ltr'>sic</span> <span class='ocrx_word' id='word_1_53' title='bbox 721 756 821 793; x_wconf 88' lang='lat' dir='ltr'>enim</span> <span class='ocrx_word' id='word_1_54' title='bbox 838 756 875 793; x_wconf 88' lang='lat' dir='ltr'>in</span> <span class='ocrx_word' id='word_1_55' title='bbox 892 756 974 793; x_wconf 85' lang='lat' dir='ltr'>imis</span> <span class='ocrx_word' id='word_1_56' title='bbox 994 756 1186 793; x_wconf 78' lang='lat' dir='ltr'><strong>radicibus</strong></span> <span class='ocrx_word' id='word_1_57' title='bbox 1200 757 1340 793; x_wconf 82' lang='lat' dir='ltr'>montis</span> <span class='ocrx_word' id='word_1_58' title='bbox 1358 757 1414 794; x_wconf 81' lang='lat' dir='ltr'>fe·</span> 
     </span>
     <span class='ocr_line' id='line_1_9' title="bbox 263 815 1417 867; baseline 0.003 -16"><span class='ocrx_word' id='word_1_59' title='bbox 263 815 432 861; x_wconf 85' lang='lat' dir='ltr'>rebatur,</span> <span class='ocrx_word' id='word_1_60' title='bbox 454 823 493 852; x_wconf 88' lang='lat' dir='ltr'>ut</span> <span class='ocrx_word' id='word_1_61' title='bbox 528 816 670 854; x_wconf 79' lang='lat' dir='ltr'>nullam</span> <span class='ocrx_word' id='word_1_62' title='bbox 691 817 728 854; x_wconf 90' lang='lat' dir='ltr'>in</span> <span class='ocrx_word' id='word_1_63' title='bbox 748 822 894 867; x_wconf 86' lang='lat' dir='ltr'>partem</span> <span class='ocrx_word' id='word_1_64' title='bbox 917 817 1105 866; x_wconf 73' lang='lat' dir='ltr'>depressis</span> <span class='ocrx_word' id='word_1_65' title='bbox 1124 816 1234 854; x_wconf 78' lang='lat' dir='ltr'>fossis</span> <span class='ocrx_word' id='word_1_66' title='bbox 1254 817 1417 855; x_wconf 83' lang='lat' dir='ltr'>derivari</span> 
     </span>
     <span class='ocr_line' id='line_1_10' title="bbox 263 876 1417 929; baseline 0.003 -17"><span class='ocrx_word' id='word_1_67' title='bbox 263 883 406 926; x_wconf 82' lang='lat' dir='ltr'>posset.</span> <span class='ocrx_word' id='word_1_68' title='bbox 464 876 558 914; x_wconf 82' lang='lat' dir='ltr'>Erat</span> <span class='ocrx_word' id='word_1_69' title='bbox 573 885 700 915; x_wconf 85' lang='lat' dir='ltr'>autem</span> <span class='ocrx_word' id='word_1_70' title='bbox 721 877 922 928; x_wconf 79' lang='lat' dir='ltr'>oppidanis</span> <span class='ocrx_word' id='word_1_71' title='bbox 942 877 1102 915; x_wconf 86' lang='lat' dir='ltr'>difficilis</span> <span class='ocrx_word' id='word_1_72' title='bbox 1122 885 1161 915; x_wconf 87' lang='lat' dir='ltr'>et</span> <span class='ocrx_word' id='word_1_73' title='bbox 1189 886 1417 929; x_wconf 79' lang='lat' dir='ltr'>praeruptus</span> 
     </span>
     <span class='ocr_line' id='line_1_11' title="bbox 265 936 1416 988; baseline 0.004 -16"><span class='ocrx_word' id='word_1_74' title='bbox 265 948 313 973; x_wconf 87' lang='lat' dir='ltr'>eo</span> <span class='ocrx_word' id='word_1_75' title='bbox 333 936 539 974; x_wconf 80' lang='lat' dir='ltr'>descensus</span> <span class='ocrx_word' id='word_1_76' title='bbox 556 953 564 979; x_wconf 89' lang='grc'><strong>;</strong></span> <span class='ocrx_word' id='word_1_77' title='bbox 593 946 648 983; x_wconf 83' lang='lat' dir='ltr'>ut,</span> <span class='ocrx_word' id='word_1_78' title='bbox 669 938 961 988; x_wconf 84' lang='lat' dir='ltr'>prohibentibus</span> <span class='ocrx_word' id='word_1_79' title='bbox 980 939 1134 985; x_wconf 75' lang='lat' dir='ltr'>nostris,</span> <span class='ocrx_word' id='word_1_80' title='bbox 1153 939 1233 976; x_wconf 85' lang='lat' dir='ltr'>sine</span> <span class='ocrx_word' id='word_1_81' title='bbox 1250 940 1416 977; x_wconf 86' lang='lat' dir='ltr'>vulneri-</span> 
     </span>
     <span class='ocr_line' id='line_1_12' title="bbox 263 996 1412 1051; baseline 0.004 -19"><span class='ocrx_word' id='word_1_82' title='bbox 263 996 335 1033; x_wconf 88' lang='lat' dir='ltr'>bus</span> <span class='ocrx_word' id='word_1_83' title='bbox 355 1009 399 1033; x_wconf 87' lang='lat' dir='ltr'>ac</span> <span class='ocrx_word' id='word_1_84' title='bbox 419 997 593 1046; x_wconf 83' lang='lat' dir='ltr'>periculo</span> <span class='ocrx_word' id='word_1_85' title='bbox 611 999 712 1036; x_wconf 81' lang='lat' dir='ltr'>vitae</span> <span class='ocrx_word' id='word_1_86' title='bbox 731 1012 858 1049; x_wconf 85' lang='lat' dir='ltr'>neque</span> <span class='ocrx_word' id='word_1_87' title='bbox 877 999 982 1036; x_wconf 81' lang='lat' dir='ltr'>adire</span> <span class='ocrx_word' id='word_1_88' title='bbox 1009 999 1169 1046; x_wconf 87' lang='lat' dir='ltr'>flumen,</span> <span class='ocrx_word' id='word_1_89' title='bbox 1198 1012 1324 1051; x_wconf 85' lang='lat' dir='ltr'>neque</span> <span class='ocrx_word' id='word_1_90' title='bbox 1353 1013 1412 1037; x_wconf 84' lang='lat' dir='ltr'>ar-</span> 
     </span>
     <span class='ocr_line' id='line_1_13' title="bbox 264 1058 1410 1110; baseline 0.004 -16"><span class='ocrx_word' id='word_1_91' title='bbox 264 1058 342 1095; x_wconf 92' lang='lat' dir='ltr'>duo</span> <span class='ocrx_word' id='word_1_92' title='bbox 370 1070 410 1095; x_wconf 88' lang='lat' dir='ltr'>se</span> <span class='ocrx_word' id='word_1_93' title='bbox 440 1059 612 1110; x_wconf 88' lang='lat' dir='ltr'>recipere</span> <span class='ocrx_word' id='word_1_94' title='bbox 644 1068 803 1110; x_wconf 78' lang='lat' dir='ltr'>possent</span> <span class='ocrx_word' id='word_1_95' title='bbox 823 1060 1024 1098; x_wconf 81' lang='lat' dir='ltr'>adscensu.</span> <span class='ocrx_word' id='word_1_96' title='bbox 1080 1062 1166 1103; x_wconf 79' lang='lat' dir='ltr'>Qua</span> <span class='ocrx_word' id='word_1_97' title='bbox 1185 1061 1410 1100; x_wconf 75' lang='lat' dir='ltr'>difficultate</span> 
     </span>
     <span class='ocr_line' id='line_1_14' title="bbox 265 1121 1416 1174; baseline 0.003 -18"><span class='ocrx_word' id='word_1_98' title='bbox 265 1132 398 1157; x_wconf 86' lang='lat' dir='ltr'>eorum</span> <span class='ocrx_word' id='word_1_99' title='bbox 432 1121 602 1170; x_wconf 82' lang='lat' dir='ltr'>cognita,</span> <span class='ocrx_word' id='word_1_100' title='bbox 641 1121 797 1166; x_wconf 81' lang='lat' dir='ltr'>Caesar,</span> <span class='ocrx_word' id='word_1_101' title='bbox 835 1122 1042 1171; x_wconf 82' lang='lat' dir='ltr'>sagittariis</span> <span class='ocrx_word' id='word_1_102' title='bbox 1077 1122 1416 1174; x_wconf 66' lang='lat' dir='ltr'>funditoribusque</span> 
     </span>
     <span class='ocr_line' id='line_1_15' title="bbox 266 1180 1416 1233; baseline 0.003 -16"><span class='ocrx_word' id='word_1_103' title='bbox 266 1180 474 1231; x_wconf 84' lang='lat' dir='ltr'>dispositis,</span> <span class='ocrx_word' id='word_1_104' title='bbox 495 1181 695 1219; x_wconf 83' lang='lat' dir='ltr'>tormentis</span> <span class='ocrx_word' id='word_1_105' title='bbox 716 1182 830 1219; x_wconf 80' lang='lat' dir='ltr'>etiam</span> <span class='ocrx_word' id='word_1_106' title='bbox 847 1182 1074 1233; x_wconf 82' lang='lat' dir='ltr'>quibusdam</span> <span class='ocrx_word' id='word_1_107' title='bbox 1093 1183 1186 1220; x_wconf 81' lang='lat' dir='ltr'>locis</span> <span class='ocrx_word' id='word_1_108' title='bbox 1206 1191 1342 1221; x_wconf 82' lang='lat' dir='ltr'>contra</span> <span class='ocrx_word' id='word_1_109' title='bbox 1361 1184 1416 1222; x_wconf 68' lang='lat' dir='ltr'>fa-</span> 
     </span>
     <span class='ocr_line' id='line_1_16' title="bbox 265 1241 1418 1294; baseline 0.003 -16"><span class='ocrx_word' id='word_1_110' title='bbox 265 1241 427 1280; x_wconf 89' lang='lat' dir='ltr'>cillimos</span> <span class='ocrx_word' id='word_1_111' title='bbox 443 1243 650 1280; x_wconf 84' lang='lat' dir='ltr'>descensus</span> <span class='ocrx_word' id='word_1_112' title='bbox 666 1243 878 1288; x_wconf 84' lang='lat' dir='ltr'>collocatis,</span> <span class='ocrx_word' id='word_1_113' title='bbox 895 1256 994 1293; x_wconf 80' lang='lat' dir='ltr'>aqua</span> <span class='ocrx_word' id='word_1_114' title='bbox 1007 1243 1173 1280; x_wconf 79' lang='lat' dir='ltr'>fluminis</span> <span class='ocrx_word' id='word_1_115' title='bbox 1188 1244 1418 1294; x_wconf 79' lang='lat' dir='ltr'>prohibebat</span> 
     </span>
     <span class='ocr_line' id='line_1_17' title="bbox 265 1303 1415 1356; baseline 0.003 -16"><span class='ocrx_word' id='word_1_116' title='bbox 265 1303 500 1354; x_wconf 80' lang='lat' dir='ltr'>oppidanos:</span> <span class='ocrx_word' id='word_1_117' title='bbox 529 1317 690 1354; x_wconf 86' lang='lat' dir='ltr'>quorum</span> <span class='ocrx_word' id='word_1_118' title='bbox 712 1305 834 1341; x_wconf 87' lang='lat' dir='ltr'>omnis</span> <span class='ocrx_word' id='word_1_119' title='bbox 855 1311 989 1354; x_wconf 75' lang='lat' dir='ltr'>postea</span> <span class='ocrx_word' id='word_1_120' title='bbox 1008 1305 1214 1343; x_wconf 86' lang='lat' dir='ltr'>multitudo</span> <span class='ocrx_word' id='word_1_121' title='bbox 1233 1314 1415 1356; x_wconf 83' lang='lat' dir='ltr'>aquatum</span> 
     </span>
     <span class='ocr_line' id='line_1_18' title="bbox 265 1365 875 1403; baseline 0.003 -2"><span class='ocrx_word' id='word_1_122' title='bbox 265 1378 384 1402; x_wconf 88' lang='lat' dir='ltr'>unum</span> <span class='ocrx_word' id='word_1_123' title='bbox 404 1365 440 1401; x_wconf 87' lang='lat' dir='ltr'>in</span> <span class='ocrx_word' id='word_1_124' title='bbox 458 1365 586 1402; x_wconf 88' lang='lat' dir='ltr'>locum</span> <span class='ocrx_word' id='word_1_125' title='bbox 607 1365 875 1403; x_wconf 86' lang='lat' dir='ltr'>conveniebat.</span> 
     </span>
    </p>

    <p class='ocr_par' dir='ltr' id='par_1_3' title="bbox 259 1425 1416 2398">
     <span class='ocr_line' id='line_1_19' title="bbox 316 1425 1416 1478; baseline 0.004 -16"><span class='ocrx_word' id='word_1_126' title='bbox 316 1425 422 1462; x_wconf 90' lang='lat' dir='ltr'>XLI.</span> <span class='ocrx_word' id='word_1_127' title='bbox 479 1426 559 1463; x_wconf 90' lang='lat' dir='ltr'>Sub</span> <span class='ocrx_word' id='word_1_128' title='bbox 579 1426 702 1477; x_wconf 82' lang='lat' dir='ltr'>ipsum</span> <span class='ocrx_word' id='word_1_129' title='bbox 723 1426 826 1464; x_wconf 88' lang='lat' dir='ltr'>enim</span> <span class='ocrx_word' id='word_1_130' title='bbox 843 1427 972 1477; x_wconf 81' lang='lat' dir='ltr'>oppidi</span> <span class='ocrx_word' id='word_1_131' title='bbox 987 1440 1134 1464; x_wconf 90' lang='lat' dir='ltr'>murum</span> <span class='ocrx_word' id='word_1_132' title='bbox 1150 1440 1312 1478; x_wconf 83' lang='lat' dir='ltr'>magnus</span> <span class='ocrx_word' id='word_1_133' title='bbox 1332 1428 1416 1467; x_wconf 83' lang='lat' dir='ltr'>fons</span> 
     </span>
     <span class='ocr_line' id='line_1_20' title="bbox 262 1487 1412 1539; baseline 0.002 -15"><span class='ocrx_word' id='word_1_134' title='bbox 262 1499 385 1538; x_wconf 83' lang='lat' dir='ltr'>aquae</span> <span class='ocrx_word' id='word_1_135' title='bbox 414 1487 705 1537; x_wconf 79' lang='lat' dir='ltr'>prorumpebat,</span> <span class='ocrx_word' id='word_1_136' title='bbox 733 1487 780 1524; x_wconf 84' lang='lat' dir='ltr'>ab</span> <span class='ocrx_word' id='word_1_137' title='bbox 801 1500 846 1524; x_wconf 85' lang='lat' dir='ltr'>ea</span> <span class='ocrx_word' id='word_1_138' title='bbox 875 1495 999 1538; x_wconf 71' lang='lat' dir='ltr'>parte,</span> <span class='ocrx_word' id='word_1_139' title='bbox 1029 1501 1128 1539; x_wconf 85' lang='lat' dir='ltr'>quae</span> <span class='ocrx_word' id='word_1_140' title='bbox 1155 1489 1236 1525; x_wconf 85' lang='lat' dir='ltr'>fere</span> <span class='ocrx_word' id='word_1_141' title='bbox 1270 1489 1412 1539; x_wconf 84' lang='lat' dir='ltr'>pedum</span> 
     </span>
     <span class='ocr_line' id='line_1_21' title="bbox 264 1548 1416 1588; baseline 0.003 -4"><span class='ocrx_word' id='word_1_142' title='bbox 264 1559 338 1585; x_wconf 88' lang='lat' dir='ltr'>ccc</span> <span class='ocrx_word' id='word_1_143' title='bbox 359 1548 558 1585; x_wconf 82' lang='lat' dir='ltr'>intervallo</span> <span class='ocrx_word' id='word_1_144' title='bbox 588 1548 756 1585; x_wconf 84' lang='lat' dir='ltr'>fluminis</span> <span class='ocrx_word' id='word_1_145' title='bbox 786 1548 952 1586; x_wconf 84' lang='lat' dir='ltr'>circuitu</span> <span class='ocrx_word' id='word_1_146' title='bbox 971 1550 1144 1587; x_wconf 80' lang='lat' dir='ltr'>vacabat.</span> <span class='ocrx_word' id='word_1_147' title='bbox 1201 1549 1288 1587; x_wconf 91' lang='lat' dir='ltr'>Hoc</span> <span class='ocrx_word' id='word_1_148' title='bbox 1308 1549 1416 1588; x_wconf 86' lang='lat' dir='ltr'>fonte</span> 
     </span>
     <span class='ocr_line' id='line_1_22' title="bbox 263 1608 1414 1662; baseline 0.002 -17"><span class='ocrx_word' id='word_1_149' title='bbox 263 1608 470 1659; x_wconf 85' lang='lat' dir='ltr'>prohibere</span> <span class='ocrx_word' id='word_1_150' title='bbox 500 1622 615 1659; x_wconf 81' lang='lat' dir='ltr'>posse</span> <span class='ocrx_word' id='word_1_151' title='bbox 646 1609 873 1660; x_wconf 78' lang='lat' dir='ltr'>oppidanos,</span> <span class='ocrx_word' id='word_1_152' title='bbox 906 1624 1024 1659; x_wconf 66' lang='lat' dir='ltr'>quum</span> <span class='ocrx_word' id='word_1_153' title='bbox 1054 1618 1234 1661; x_wconf 85' lang='lat' dir='ltr'>optarent</span> <span class='ocrx_word' id='word_1_154' title='bbox 1263 1611 1414 1662; x_wconf 88' lang='lat' dir='ltr'>reliqui,</span> 
     </span>
     <span class='ocr_line' id='line_1_23' title="bbox 263 1670 1416 1722; baseline 0.003 -15"><span class='ocrx_word' id='word_1_155' title='bbox 263 1670 406 1708; x_wconf 83' lang='lat' dir='ltr'>Caesar</span> <span class='ocrx_word' id='word_1_156' title='bbox 426 1684 523 1708; x_wconf 86' lang='lat' dir='ltr'>unus</span> <span class='ocrx_word' id='word_1_157' title='bbox 539 1671 703 1713; x_wconf 81' lang='lat' dir='ltr'>videret3</span> <span class='ocrx_word' id='word_1_158' title='bbox 731 1674 830 1721; x_wconf 92' lang='lat' dir='ltr'>[non</span> <span class='ocrx_word' id='word_1_159' title='bbox 847 1672 927 1708; x_wconf 87' lang='lat' dir='ltr'>sine</span> <span class='ocrx_word' id='word_1_160' title='bbox 943 1684 1083 1721; x_wconf 74' lang='lat' dir='ltr'>magno</span> <span class='ocrx_word' id='word_1_161' title='bbox 1099 1672 1294 1722; x_wconf 87' lang='lat' dir='ltr'>periculo]</span> <span class='ocrx_word' id='word_1_162' title='bbox 1319 1685 1340 1710; x_wconf 91' lang='lat' dir='ltr'>e</span> <span class='ocrx_word' id='word_1_163' title='bbox 1356 1686 1416 1710; x_wconf 89' lang='lat' dir='ltr'>re-</span> 
     </span>
     <span class='ocr_line' id='line_1_24' title="bbox 261 1731 1413 1783; baseline 0.004 -17"><span class='ocrx_word' id='word_1_164' title='bbox 261 1731 378 1781; x_wconf 83' lang='lat' dir='ltr'>gione</span> <span class='ocrx_word' id='word_1_165' title='bbox 398 1733 480 1781; x_wconf 88' lang='lat' dir='ltr'>ejus</span> <span class='ocrx_word' id='word_1_166' title='bbox 499 1732 627 1769; x_wconf 78' lang='lat' dir='ltr'>vineas</span> <span class='ocrx_word' id='word_1_167' title='bbox 648 1745 762 1781; x_wconf 75' lang='lat' dir='ltr'>agere</span> <span class='ocrx_word' id='word_1_168' title='bbox 782 1732 963 1769; x_wconf 84' lang='lat' dir='ltr'>adversus</span> <span class='ocrx_word' id='word_1_169' title='bbox 983 1739 1168 1778; x_wconf 85' lang='lat' dir='ltr'>montem,</span> <span class='ocrx_word' id='word_1_170' title='bbox 1188 1740 1228 1770; x_wconf 87' lang='lat' dir='ltr'>et</span> <span class='ocrx_word' id='word_1_171' title='bbox 1250 1745 1413 1783; x_wconf 78' lang='lat' dir='ltr'>aggeres</span> 
     </span>
     <span class='ocr_line' id='line_1_25' title="bbox 263 1793 1412 1843; baseline 0.003 -14"><span class='ocrx_word' id='word_1_172' title='bbox 263 1793 468 1839; x_wconf 80' lang='lat' dir='ltr'>instruere,</span> <span class='ocrx_word' id='word_1_173' title='bbox 488 1793 630 1843; x_wconf 85' lang='lat' dir='ltr'>coepit,</span> <span class='ocrx_word' id='word_1_174' title='bbox 659 1806 799 1842; x_wconf 74' lang='lat' dir='ltr'>magno</span> <span class='ocrx_word' id='word_1_175' title='bbox 820 1806 907 1830; x_wconf 87' lang='lat' dir='ltr'>cum</span> <span class='ocrx_word' id='word_1_176' title='bbox 928 1794 1059 1831; x_wconf 83' lang='lat' dir='ltr'>labore</span> <span class='ocrx_word' id='word_1_177' title='bbox 1079 1801 1119 1831; x_wconf 86' lang='lat' dir='ltr'>et</span> <span class='ocrx_word' id='word_1_178' title='bbox 1151 1794 1336 1831; x_wconf 84' lang='lat' dir='ltr'>continua</span> <span class='ocrx_word' id='word_1_179' title='bbox 1355 1795 1412 1832; x_wconf 90' lang='lat' dir='ltr'>di-</span> 
     </span>
     <span class='ocr_line' id='line_1_26' title="bbox 262 1854 1409 1905; baseline 0.001 -14"><span class='ocrx_word' id='word_1_180' title='bbox 262 1855 482 1892; x_wconf 81' lang='lat' dir='ltr'>micatione.</span> <span class='ocrx_word' id='word_1_181' title='bbox 536 1854 731 1905; x_wconf 79' lang='lat' dir='ltr'>Oppidani</span> <span class='ocrx_word' id='word_1_182' title='bbox 748 1854 864 1899; x_wconf 78' lang='lat' dir='ltr'>enim,</span> <span class='ocrx_word' id='word_1_183' title='bbox 884 1854 971 1892; x_wconf 81' lang='lat' dir='ltr'>loco</span> <span class='ocrx_word' id='word_1_184' title='bbox 988 1855 1185 1905; x_wconf 81' lang='lat' dir='ltr'>superiore</span> <span class='ocrx_word' id='word_1_185' title='bbox 1199 1855 1409 1892; x_wconf 54' lang='lat' dir='ltr'>decurrene</span> 
     </span>
     <span class='ocr_line' id='line_1_27' title="bbox 262 1916 1411 1967; baseline 0.002 -15"><span class='ocrx_word' id='word_1_186' title='bbox 262 1923 335 1962; x_wconf 87' lang='lat' dir='ltr'>tes,</span> <span class='ocrx_word' id='word_1_187' title='bbox 369 1916 518 1954; x_wconf 87' lang='lat' dir='ltr'>eminus</span> <span class='ocrx_word' id='word_1_188' title='bbox 547 1916 629 1953; x_wconf 86' lang='lat' dir='ltr'>sine</span> <span class='ocrx_word' id='word_1_189' title='bbox 660 1916 832 1965; x_wconf 85' lang='lat' dir='ltr'>periculo</span> <span class='ocrx_word' id='word_1_190' title='bbox 865 1916 1163 1966; x_wconf 73' lang='lat' dir='ltr'>praeliabantur,</span> <span class='ocrx_word' id='word_1_191' title='bbox 1192 1916 1411 1967; x_wconf 85' lang='lat' dir='ltr'>multosque</span> 
     </span>
     <span class='ocr_line' id='line_1_28' title="bbox 260 1976 1414 2027; baseline 0.001 -14"><span class='ocrx_word' id='word_1_192' title='bbox 260 1976 512 2027; x_wconf 78' lang='lat' dir='ltr'>pertinaciter</span> <span class='ocrx_word' id='word_1_193' title='bbox 539 1978 792 2014; x_wconf 84' lang='lat' dir='ltr'>succedentes</span> <span class='ocrx_word' id='word_1_194' title='bbox 812 1977 1083 2019; x_wconf 81' lang='lat' dir='ltr'>vulnerabant;</span> <span class='ocrx_word' id='word_1_195' title='bbox 1111 1984 1153 2013; x_wconf 90' lang='lat' dir='ltr'>ut</span> <span class='ocrx_word' id='word_1_196' title='bbox 1181 1984 1308 2014; x_wconf 83' lang='lat' dir='ltr'>tamen</span> <span class='ocrx_word' id='word_1_197' title='bbox 1336 1989 1414 2015; x_wconf 87' lang='lat' dir='ltr'>non</span> 
     </span>
     <span class='ocr_line' id='line_1_29' title="bbox 261 2038 1411 2088; baseline 0.001 -13"><span class='ocrx_word' id='word_1_198' title='bbox 261 2039 551 2076; x_wconf 82' lang='lat' dir='ltr'>deterrerentur</span> <span class='ocrx_word' id='word_1_199' title='bbox 580 2039 720 2076; x_wconf 76' lang='lat' dir='ltr'>milites</span> <span class='ocrx_word' id='word_1_200' title='bbox 750 2039 870 2076; x_wconf 86' lang='lat' dir='ltr'>nostri</span> <span class='ocrx_word' id='word_1_201' title='bbox 897 2038 1026 2076; x_wconf 79' lang='lat' dir='ltr'>vineas</span> <span class='ocrx_word' id='word_1_202' title='bbox 1054 2038 1240 2088; x_wconf 76' lang='lat' dir='ltr'>proferre,</span> <span class='ocrx_word' id='word_1_203' title='bbox 1276 2040 1338 2087; x_wconf 87' lang='lat' dir='ltr'>[et</span> <span class='ocrx_word' id='word_1_204' title='bbox 1358 2039 1411 2076; x_wconf 87' lang='lat' dir='ltr'>la-</span> 
     </span>
     <span class='ocr_line' id='line_1_30' title="bbox 259 2099 1410 2151; baseline 0 -15"><span class='ocrx_word' id='word_1_205' title='bbox 259 2100 379 2149; x_wconf 89' lang='lat' dir='ltr'>bore]</span> <span class='ocrx_word' id='word_1_206' title='bbox 413 2107 529 2151; x_wconf 86' lang='lat' dir='ltr'>atque</span> <span class='ocrx_word' id='word_1_207' title='bbox 557 2101 737 2151; x_wconf 82' lang='lat' dir='ltr'>operibus</span> <span class='ocrx_word' id='word_1_208' title='bbox 758 2101 912 2138; x_wconf 77' lang='lat' dir='ltr'>vincere</span> <span class='ocrx_word' id='word_1_209' title='bbox 946 2100 1118 2137; x_wconf 84' lang='lat' dir='ltr'>locorum</span> <span class='ocrx_word' id='word_1_210' title='bbox 1152 2099 1410 2136; x_wconf 81' lang='lat' dir='ltr'>difficultates.</span> 
     </span>
     <span class='ocr_line' id='line_1_31' title="bbox 261 2160 1412 2212; baseline 0.001 -14"><span class='ocrx_word' id='word_1_211' title='bbox 261 2160 412 2199; x_wconf 84' lang='lat' dir='ltr'>Eodem</span> <span class='ocrx_word' id='word_1_212' title='bbox 440 2170 616 2212; x_wconf 78' lang='lat' dir='ltr'>tempore</span> <span class='ocrx_word' id='word_1_213' title='bbox 635 2169 761 2199; x_wconf 81' lang='lat' dir='ltr'>tectos</span> <span class='ocrx_word' id='word_1_214' title='bbox 781 2162 980 2199; x_wconf 86' lang='lat' dir='ltr'>cuniculos</span> <span class='ocrx_word' id='word_1_215' title='bbox 1000 2162 1047 2198; x_wconf 83' lang='lat' dir='ltr'>ab</span> <span class='ocrx_word' id='word_1_216' title='bbox 1066 2161 1186 2198; x_wconf 82' lang='lat' dir='ltr'>vineis</span> <span class='ocrx_word' id='word_1_217' title='bbox 1214 2169 1334 2211; x_wconf 79' lang='lat' dir='ltr'>agunt</span> <span class='ocrx_word' id='word_1_218' title='bbox 1363 2161 1412 2199; x_wconf 79' lang='lat' dir='ltr'>ad</span> 
     </span>
     <span class='ocr_line' id='line_1_32' title="bbox 262 2222 1409 2274; baseline 0 -14"><span class='ocrx_word' id='word_1_219' title='bbox 262 2230 378 2273; x_wconf 81' lang='lat' dir='ltr'>caput</span> <span class='ocrx_word' id='word_1_220' title='bbox 397 2222 527 2269; x_wconf 84' lang='lat' dir='ltr'>fontis,</span> <span class='ocrx_word' id='word_1_221' title='bbox 548 2224 651 2274; x_wconf 88' lang='lat' dir='ltr'>quod</span> <span class='ocrx_word' id='word_1_222' title='bbox 664 2236 786 2273; x_wconf 78' lang='lat' dir='ltr'>genus</span> <span class='ocrx_word' id='word_1_223' title='bbox 807 2223 933 2273; x_wconf 86' lang='lat' dir='ltr'>operis</span> <span class='ocrx_word' id='word_1_224' title='bbox 952 2223 1033 2260; x_wconf 86' lang='lat' dir='ltr'>sine</span> <span class='ocrx_word' id='word_1_225' title='bbox 1054 2224 1131 2261; x_wconf 87' lang='lat' dir='ltr'>ullo</span> <span class='ocrx_word' id='word_1_226' title='bbox 1151 2223 1339 2274; x_wconf 85' lang='lat' dir='ltr'>periculo,</span> <span class='ocrx_word' id='word_1_227' title='bbox 1368 2230 1409 2260; x_wconf 87' lang='lat' dir='ltr'>et</span> 
     </span>
     <span class='ocr_line' id='line_1_33' title="bbox 260 2283 1412 2334; baseline 0.001 -14"><span class='ocrx_word' id='word_1_228' title='bbox 260 2284 342 2321; x_wconf 81' lang='lat' dir='ltr'>sine</span> <span class='ocrx_word' id='word_1_229' title='bbox 362 2284 580 2334; x_wconf 84' lang='lat' dir='ltr'>suspicione</span> <span class='ocrx_word' id='word_1_230' title='bbox 606 2284 787 2330; x_wconf 81' lang='lat' dir='ltr'>hostium,</span> <span class='ocrx_word' id='word_1_231' title='bbox 822 2285 950 2322; x_wconf 79' lang='lat' dir='ltr'>facere</span> <span class='ocrx_word' id='word_1_232' title='bbox 978 2284 1131 2322; x_wconf 84' lang='lat' dir='ltr'>licebat.</span> <span class='ocrx_word' id='word_1_233' title='bbox 1186 2283 1412 2322; x_wconf 82' lang='lat' dir='ltr'>Exstruitur·</span> 
     </span>
     <span class='ocr_line' id='line_1_34' title="bbox 260 2345 1409 2398; baseline 0 -14"><span class='ocrx_word' id='word_1_234' title='bbox 260 2358 380 2397; x_wconf 73' lang='lat' dir='ltr'>agger</span> <span class='ocrx_word' id='word_1_235' title='bbox 399 2346 436 2382; x_wconf 88' lang='lat' dir='ltr'>in</span> <span class='ocrx_word' id='word_1_236' title='bbox 456 2345 699 2384; x_wconf 80' lang='lat' dir='ltr'>altitudinem</span> <span class='ocrx_word' id='word_1_237' title='bbox 718 2346 860 2398; x_wconf 85' lang='lat' dir='ltr'>pedum</span> <span class='ocrx_word' id='word_1_238' title='bbox 881 2358 942 2384; x_wconf 75' lang='lat' dir='ltr'>rx:</span> <span class='ocrx_word' id='word_1_239' title='bbox 973 2345 1184 2384; x_wconf 77' lang='lat' dir='ltr'>collocatur</span> <span class='ocrx_word' id='word_1_240' title='bbox 1203 2346 1241 2384; x_wconf 88' lang='lat' dir='ltr'>in</span> <span class='ocrx_word' id='word_1_241' title='bbox 1262 2359 1308 2384; x_wconf 90' lang='lat' dir='ltr'>eo</span> <span class='ocrx_word' id='word_1_242' title='bbox 1329 2353 1409 2384; x_wconf 87' lang='lat' dir='ltr'>tur—.</span> 
     </span>
    </p>
   </div>
   <div class='ocr_carea' id='block_1_3' title="bbox 1516 0 1556 2683">
    <p class='ocr_par' dir='ltr' id='par_1_4' title="bbox 1516 0 1556 2683">
     <span class='ocr_line' id='line_1_35' title="bbox 1516 0 1556 2683; baseline 0 0"><span class='ocrx_word' id='word_1_243' title='bbox 1516 0 1556 2683; x_wconf 95' lang='lat' dir='ltr'> </span> 
     </span>
    </p>
   </div>
  </div>
 </body>
</html>
