1556 2683
636 297 801 336 LIBER
854 297 884 334 Ι.
1255 300 1332 337 263

195 401 340 439 idoneis
362 401 559 446 instructa,
579 400 690 438 unius
709 400 871 451 legionis
888 399 1156 450 antesignanos
1175 413 1332 451 procur-

198 475 297 508 rere,
323 469 437 512 atque
457 474 646 511 occupare
665 474 752 500 eum
785 461 987 507 tumulum,
1009 461 1133 510 jubet.
1186 462 1273 502 Qua
1291 474 1333 498 rc

198 523 366 572 cognita,
393 522 582 567 celeriter,
613 535 709 572 quae
728 522 766 559 in
793 523 957 560 statione
985 534 1055 572 pro
1074 521 1207 559 castris
1225 528 1335 559 erant

194 583 344 619 Afranii
361 582 550 628 cohortes,
564 583 738 620 breviore
752 582 887 620 itinere
901 583 948 620 ad
961 582 1125 620 eundem
1140 595 1334 632 occupan-

194 643 284 680 dum
303 642 428 679 locum
449 642 664 679 mittuntur.
692 642 947 680 Contenditur
964 642 1124 693 proelio,
1156 649 1209 687 et,
1229 642 1334 691 quod

192 704 296 753 prius
316 704 352 739 in
369 703 555 739 tumulum
570 702 769 739 Afraniani
787 710 983 747 venerant,
1005 702 1122 738 nostri
1142 701 1333 751 repellun-

192 772 267 809 tur,
287 771 416 813 atque,
435 763 516 800 aliis
535 763 729 800 submissis
748 762 938 807 subsidiis,
957 770 1065 812 terga
1081 770 1245 808 vertere,
1272 775 1331 800 se-

191 836 265 874 que
285 824 333 861 ad
351 824 460 873 signa
478 824 672 874 legionum
692 824 879 874 recipere,
900 831 1102 873 coguntur.

244 883 388 921 XLIV.
443 884 576 921 Genus
605 891 688 922 erat
718 896 871 934 pugnae
903 883 1066 920 militurn
1093 883 1256 930 illorum,
1289 891 1333 921 ut

193 957 333 994 magno
361 945 506 995 impetu
524 944 646 995 primo
676 952 960 994 procurrerent,
988 944 1172 981 audacter
1202 945 1331 982 locum

189 1012 385 1055 caperent,
405 1004 558 1043 ordines
576 1017 664 1042 suos
679 1017 756 1041 non
775 1017 1008 1055 magnopere
1027 1012 1234 1050 servarent,
1256 1006 1332 1042 rari

189 1066 425 1117 dispersique
444 1073 680 1116 pugnarent;
707 1065 738 1102 si
757 1073 1035 1116 premerentur,
1055 1065 1192 1115 pedem
1211 1066 1330 1103 refer-

188 1122 243 1173 re,
262 1134 302 1164 et
316 1127 402 1164 loco
417 1125 623 1172 excedere,
642 1139 717 1163 non
731 1133 842 1176 turpe
857 1126 1134 1172 existimarent,
1150 1139 1237 1164 cum
1252 1127 1330 1164 Lu-

186 1187 318 1224 sitanis
337 1187 568 1237 reliquisque
581 1187 750 1224 barbaris
764 1199 906 1236 genere
922 1187 1088 1236 quodam
1101 1199 1252 1236 pugnae
1272 1200 1330 1224 as-

188 1247 348 1285 suefacti
365 1260 374 1281 ε
403 1247 506 1297 quod
534 1247 614 1283 fere
632 1247 688 1292 fit,
717 1247 854 1297 quibus
872 1246 1032 1297 quisque
1052 1247 1090 1283 in
1109 1246 1203 1283 locis
1223 1247 1330 1284 miles

190 1308 431 1353 inveteravit,
459 1308 515 1345 uti
534 1307 694 1344 multum
714 1320 845 1345 earum
865 1307 1065 1358 regionum
1085 1307 1330 1345 consuetudi-

186 1381 234 1405 ne
259 1376 469 1406 moveatur.
523 1368 635 1405 Haec
663 1375 791 1405 tamen
812 1368 908 1405 ratio
937 1376 1086 1405 nostros
1112 1369 1326 1418 perturbat,

184 1429 356 1466 insuetos
374 1428 486 1479 hujus
513 1429 664 1479 generis
682 1442 857 1480 pugnae:
886 1429 1077 1466 circumiri
1110 1429 1213 1466 enim-
1243 1442 1328 1466 sese

184 1489 232 1526 ab
251 1495 385 1539 aperto
404 1489 536 1536 latere,
555 1489 868 1540 procurrentibus
888 1489 1061 1539 singulis,
1090 1488 1328 1526 arbitraban-

186 1557 273 1592 tur;
299 1548 370 1599 ipsi
389 1557 518 1587 autem
537 1562 626 1588 suos
644 1550 797 1588 ordines
815 1562 980 1596 servare,
999 1563 1125 1600 neque
1144 1551 1191 1588 ab
1210 1550 1329 1601 signis

185 1609 398 1656 discedere,
417 1623 543 1660 neque
562 1611 643 1648 sine
663 1611 769 1661 gravi
790 1624 924 1649 caussa
943 1624 1030 1648 eum
1050 1611 1192 1657 locum,
1212 1625 1327 1662 quem

186 1679 381 1722 ceperant,
402 1672 556 1718 dimitti,
578 1680 806 1710 censuerant
824 1679 1015 1722 oportere.
1068 1672 1219 1723 Itaque,
1239 1685 1327 1722 per-

185 1733 346 1770 turbatis
365 1733 635 1783 antesignaniS‚
664 1732 779 1783 legio,
799 1745 896 1783 quae
914 1732 951 1769 in
973 1745 1018 1770 eo
1038 1745 1158 1770 cornu
1186 1732 1328 1770 consti-

185 1801 296 1839 terat,
317 1794 444 1831 locum
464 1806 541 1831 non
567 1793 704 1839 tenuit,
735 1801 850 1844 atque
878 1793 917 1830 in
944 1793 1160 1843 proximum
1188 1793 1325 1831 collem

185 1866 269 1891 sese
288 1855 447 1905 recepit.

234 1914 356 1951 XLV.
422 1915 576 1960 Caesar,
608 1927 731 1965 paene
752 1914 853 1952 omni
872 1914 954 1951 acie
973 1914 1190 1963 perterrita,
1221 1914 1325 1965 quod

184 1983 338 2026 praeter
368 1975 585 2026 opinionem
605 1976 997 2025 consuetudinemque
1022 1975 1230 2021 acciderat,
1262 1989 1325 2013 co-

181 2036 357 2073 hortatus
385 2049 486 2082 suos,
517 2037 709 2086 legionem
743 2049 787 2073 1x
804 2037 972 2074 subsidio
1004 2036 1133 2074 ducit:
1164 2037 1325 2083 hostem,

183 2097 392 2134 insolenter
411 2104 525 2147 atque
544 2097 683 2134 acriter
702 2105 852 2135 nostros
871 2098 1148 2148 insequentem,
1177 2098 1326 2148 suppri-

182 2157 266 2203 mit,
286 2170 492 2208 rursusque
512 2165 622 2207 terga
640 2165 802 2204 vertere,
824 2170 943 2208 seque
963 2158 1011 2195 ad
1030 2158 1211 2209 oppidum
1231 2159 1325 2196 Iler-

181 2218 268 2256 dam
288 2218 473 2268 recipere,
493 2225 533 2255 et
550 2219 621 2255 sub
641 2231 749 2255 muro
769 2219 993 2265 consistere,
1013 2219 1129 2268 cogit.
1184 2220 1262 2257 Sed
1281 2232 1324 2257 1x

182 2278 343 2328 legionis
362 2278 515 2324 milites,
547 2278 638 2316 elati
665 2279 805 2325 studio,
835 2279 924 2316 dum
950 2280 1090 2317 sarcire
1121 2288 1324 2331 acceptum

182 2339 454 2382 detrimentum
474 2340 620 2387 volunt,
640 2347 786 2378 temere
805 2340 969 2379 insecuti
987 2341 1191 2393 fugientes,
1211 2341 1250 2379 in
1268 2342 1324 2380 lo-
