<?xml version="1.0" encoding="UTF-8"?>
<!DOCTYPE html PUBLIC "-//W3C//DTD XHTML 1.0 Transitional//EN"
    "http://www.w3.org/TR/xhtml1/DTD/xhtml1-transitional.dtd">
<html xmlns="http://www.w3.org/1999/xhtml" xml:lang="en" lang="en">
 <head>
  <title>
</title>
<meta http-equiv="Content-Type" content="text/html;charset=utf-8" />
  <meta name='ocr-system' content='tesseract 3.04.00' />
  <meta name='ocr-capabilities' content='ocr_page ocr_carea ocr_par ocr_line ocrx_word'/>
</head>
<body>
  <div class='ocr_page' id='page_1' title='image "./debellogallicoet01caesuoft_0054.png"; bbox 0 0 1556 2683; ppageno 0'>
   <div class='ocr_carea' id='block_1_1' title="bbox 270 267 1144 307">
    <p class='ocr_par' dir='ltr' id='par_1_1' title="bbox 270 267 1144 307">
     <span class='ocr_line' id='line_1_1' title="bbox 270 267 1144 307; baseline -0.002 0"><span class='ocrx_word' id='word_1_1' title='bbox 270 272 321 307; x_wconf 75' lang='lat'>30</span> <span class='ocrx_word' id='word_1_2' title='bbox 573 268 647 305; x_wconf 87' lang='lat' dir='ltr'>DE</span> <span class='ocrx_word' id='word_1_3' title='bbox 684 267 862 306; x_wconf 91' lang='lat' dir='ltr'><strong>BELLO</strong></span> <span class='ocrx_word' id='word_1_4' title='bbox 901 267 1144 306; x_wconf 89' lang='lat' dir='ltr'>GALLICO</span> 
     </span>
    </p>
   </div>
   <div class='ocr_carea' id='block_1_2' title="bbox 258 368 1422 2364">
    <p class='ocr_par' dir='ltr' id='par_1_2' title="bbox 258 368 1422 2364">
     <span class='ocr_line' id='line_1_2' title="bbox 265 368 1408 422; baseline -0.001 -14"><span class='ocrx_word' id='word_1_5' title='bbox 265 384 359 422; x_wconf 83' lang='lat' dir='ltr'>pore</span> <span class='ocrx_word' id='word_1_6' title='bbox 391 370 507 409; x_wconf 85' lang='lat' dir='ltr'>totius</span> <span class='ocrx_word' id='word_1_7' title='bbox 539 371 687 409; x_wconf 86' lang='lat' dir='ltr'>Galliae</span> <span class='ocrx_word' id='word_1_8' title='bbox 723 371 979 422; x_wconf 84' lang='lat' dir='ltr'>principatum</span> <span class='ocrx_word' id='word_1_9' title='bbox 1018 370 1147 408; x_wconf 86' lang='lat' dir='ltr'>Aedui</span> <span class='ocrx_word' id='word_1_10' title='bbox 1183 368 1408 416; x_wconf 87' lang='lat' dir='ltr'>tenuissent,</span> 
     </span>
     <span class='ocr_line' id='line_1_3' title="bbox 263 431 1411 482; baseline -0.003 -13"><span class='ocrx_word' id='word_1_11' title='bbox 263 432 368 482; x_wconf 86' lang='lat' dir='ltr'>prius</span> <span class='ocrx_word' id='word_1_12' title='bbox 400 432 530 477; x_wconf 81' lang='lat' dir='ltr'>etiam,</span> <span class='ocrx_word' id='word_1_13' title='bbox 568 445 681 482; x_wconf 88' lang='lat' dir='ltr'>quam</span> <span class='ocrx_word' id='word_1_14' title='bbox 724 439 894 469; x_wconf 86' lang='lat' dir='ltr'>nostram</span> <span class='ocrx_word' id='word_1_15' title='bbox 926 431 1131 469; x_wconf 85' lang='lat' dir='ltr'>amicitiam</span> <span class='ocrx_word' id='word_1_16' title='bbox 1164 431 1411 480; x_wconf 80' lang='lat' dir='ltr'>appetissent.</span> 
     </span>
     <span class='ocr_line' id='line_1_4' title="bbox 263 490 1413 544; baseline -0.003 -14"><span class='ocrx_word' id='word_1_17' title='bbox 263 492 403 544; x_wconf 91' lang='lat' dir='ltr'>Populi</span> <span class='ocrx_word' id='word_1_18' title='bbox 425 492 589 530; x_wconf 83' lang='lat' dir='ltr'>Romani</span> <span class='ocrx_word' id='word_1_19' title='bbox 608 493 708 530; x_wconf 88' lang='lat' dir='ltr'>hanc</span> <span class='ocrx_word' id='word_1_20' title='bbox 738 505 821 529; x_wconf 89' lang='lat' dir='ltr'>esse</span> <span class='ocrx_word' id='word_1_21' title='bbox 853 492 1182 536; x_wconf 83' lang='lat' dir='ltr'>consuetudinem,</span> <span class='ocrx_word' id='word_1_22' title='bbox 1215 497 1258 527; x_wconf 88' lang='lat' dir='ltr'>ut</span> <span class='ocrx_word' id='word_1_23' title='bbox 1289 490 1413 528; x_wconf 84' lang='lat' dir='ltr'>socios</span> 
     </span>
     <span class='ocr_line' id='line_1_5' title="bbox 262 551 1413 603; baseline -0.002 -14"><span class='ocrx_word' id='word_1_24' title='bbox 262 561 379 603; x_wconf 86' lang='lat' dir='ltr'>atque</span> <span class='ocrx_word' id='word_1_25' title='bbox 399 553 542 591; x_wconf 88' lang='lat' dir='ltr'>amicos</span> <span class='ocrx_word' id='word_1_26' title='bbox 562 565 637 590; x_wconf 90' lang='lat' dir='ltr'>non</span> <span class='ocrx_word' id='word_1_27' title='bbox 658 553 772 590; x_wconf 89' lang='lat' dir='ltr'>modo</span> <span class='ocrx_word' id='word_1_28' title='bbox 791 552 849 589; x_wconf 92' lang='lat' dir='ltr'>sui</span> <span class='ocrx_word' id='word_1_29' title='bbox 868 552 962 588; x_wconf 88' lang='lat' dir='ltr'>nihil</span> <span class='ocrx_word' id='word_1_30' title='bbox 981 551 1207 601; x_wconf 83' lang='lat' dir='ltr'>deperdere,</span> <span class='ocrx_word' id='word_1_31' title='bbox 1240 551 1309 588; x_wconf 82' lang='lat' dir='ltr'>sed</span> <span class='ocrx_word' id='word_1_32' title='bbox 1327 562 1413 600; x_wconf 86' lang='lat' dir='ltr'>gra-</span> 
     </span>
     <span class='ocr_line' id='line_1_6' title="bbox 265 611 1414 663; baseline -0.001 -14"><span class='ocrx_word' id='word_1_33' title='bbox 265 613 332 659; x_wconf 87' lang='lat' dir='ltr'>tia,</span> <span class='ocrx_word' id='word_1_34' title='bbox 353 614 555 663; x_wconf 85' lang='lat' dir='ltr'>dignitate,</span> <span class='ocrx_word' id='word_1_35' title='bbox 582 614 728 650; x_wconf 81' lang='lat' dir='ltr'>honore</span> <span class='ocrx_word' id='word_1_36' title='bbox 746 613 938 650; x_wconf 87' lang='lat' dir='ltr'>auctiores</span> <span class='ocrx_word' id='word_1_37' title='bbox 956 613 1047 649; x_wconf 91' lang='lat' dir='ltr'>velit</span> <span class='ocrx_word' id='word_1_38' title='bbox 1066 624 1161 649; x_wconf 86' lang='lat' dir='ltr'>esse.</span> <span class='ocrx_word' id='word_1_39' title='bbox 1216 611 1331 653; x_wconf 85' lang='lat' dir='ltr'>Quod</span> <span class='ocrx_word' id='word_1_40' title='bbox 1348 623 1414 648; x_wconf 90' lang='lat' dir='ltr'>ve-</span> 
     </span>
     <span class='ocr_line' id='line_1_7' title="bbox 262 672 1411 724; baseline -0.001 -15"><span class='ocrx_word' id='word_1_41' title='bbox 262 686 305 709; x_wconf 88' lang='lat' dir='ltr'>ro</span> <span class='ocrx_word' id='word_1_42' title='bbox 325 674 373 710; x_wconf 86' lang='lat' dir='ltr'>ad</span> <span class='ocrx_word' id='word_1_43' title='bbox 392 673 596 711; x_wconf 83' lang='lat' dir='ltr'>amicitiam</span> <span class='ocrx_word' id='word_1_44' title='bbox 616 674 747 724; x_wconf 88' lang='lat' dir='ltr'>populi</span> <span class='ocrx_word' id='word_1_45' title='bbox 768 673 931 710; x_wconf 85' lang='lat' dir='ltr'>Romani</span> <span class='ocrx_word' id='word_1_46' title='bbox 950 673 1181 717; x_wconf 85' lang='lat' dir='ltr'>attulissent,</span> <span class='ocrx_word' id='word_1_47' title='bbox 1215 672 1254 709; x_wconf 90' lang='lat' dir='ltr'>id</span> <span class='ocrx_word' id='word_1_48' title='bbox 1273 672 1318 710; x_wconf 90' lang='lat' dir='ltr'>iis</span> <span class='ocrx_word' id='word_1_49' title='bbox 1338 672 1411 710; x_wconf 89' lang='lat' dir='ltr'>eri-</span> 
     </span>
     <span class='ocr_line' id='line_1_8' title="bbox 265 733 1414 784; baseline -0.001 -14"><span class='ocrx_word' id='word_1_50' title='bbox 265 735 302 784; x_wconf 85' lang='lat' dir='ltr'>pi</span> <span class='ocrx_word' id='word_1_51' title='bbox 331 735 415 784; x_wconf 85' lang='lat' dir='ltr'>quis</span> <span class='ocrx_word' id='word_1_52' title='bbox 434 734 513 784; x_wconf 86' lang='lat' dir='ltr'>pati</span> <span class='ocrx_word' id='word_1_53' title='bbox 532 736 687 784; x_wconf 84' lang='lat' dir='ltr'>posset?</span> <span class='ocrx_word' id='word_1_54' title='bbox 743 734 953 772; x_wconf 79' lang='lat' dir='ltr'>Postulavit</span> <span class='ocrx_word' id='word_1_55' title='bbox 981 734 1119 772; x_wconf 88' lang='lat' dir='ltr'>deinde</span> <span class='ocrx_word' id='word_1_56' title='bbox 1139 733 1287 778; x_wconf 89' lang='lat' dir='ltr'>eadem,</span> <span class='ocrx_word' id='word_1_57' title='bbox 1315 744 1414 783; x_wconf 90' lang='lat' dir='ltr'>quae</span> 
     </span>
     <span class='ocr_line' id='line_1_9' title="bbox 264 794 1414 845; baseline -0.001 -14"><span class='ocrx_word' id='word_1_58' title='bbox 264 796 401 845; x_wconf 87' lang='lat' dir='ltr'>legatis</span> <span class='ocrx_word' id='word_1_59' title='bbox 421 796 459 831; x_wconf 91' lang='lat' dir='ltr'>in</span> <span class='ocrx_word' id='word_1_60' title='bbox 478 795 667 833; x_wconf 84' lang='lat' dir='ltr'>mandatis</span> <span class='ocrx_word' id='word_1_61' title='bbox 697 796 870 841; x_wconf 85' lang='lat' dir='ltr'>dederat,</span> <span class='ocrx_word' id='word_1_62' title='bbox 902 808 951 832; x_wconf 92' lang='lat' dir='ltr'>ne</span> <span class='ocrx_word' id='word_1_63' title='bbox 970 802 1037 832; x_wconf 85' lang='lat' dir='ltr'>aut</span> <span class='ocrx_word' id='word_1_64' title='bbox 1062 794 1223 839; x_wconf 87' lang='lat' dir='ltr'>Aeduis,</span> <span class='ocrx_word' id='word_1_65' title='bbox 1256 801 1322 830; x_wconf 84' lang='lat' dir='ltr'>aut</span> <span class='ocrx_word' id='word_1_66' title='bbox 1350 806 1414 831; x_wconf 90' lang='lat' dir='ltr'>eo-</span> 
     </span>
     <span class='ocr_line' id='line_1_10' title="bbox 262 853 1412 900; baseline -0.002 -9"><span class='ocrx_word' id='word_1_67' title='bbox 262 868 349 891; x_wconf 84' lang='lat' dir='ltr'>rum</span> <span class='ocrx_word' id='word_1_68' title='bbox 368 855 496 900; x_wconf 88' lang='lat' dir='ltr'>sociis,</span> <span class='ocrx_word' id='word_1_69' title='bbox 515 855 658 892; x_wconf 90' lang='lat' dir='ltr'>bellum</span> <span class='ocrx_word' id='word_1_70' title='bbox 679 855 837 893; x_wconf 82' lang='lat' dir='ltr'>inferret</span> <span class='ocrx_word' id='word_1_71' title='bbox 854 870 863 898; x_wconf 89' lang='lat'>;</span> <span class='ocrx_word' id='word_1_72' title='bbox 882 855 1033 892; x_wconf 88' lang='lat' dir='ltr'>obsides</span> <span class='ocrx_word' id='word_1_73' title='bbox 1052 854 1253 892; x_wconf 89' lang='lat' dir='ltr'>redderet:</span> <span class='ocrx_word' id='word_1_74' title='bbox 1282 853 1313 892; x_wconf 89' lang='lat' dir='ltr'>si</span> <span class='ocrx_word' id='word_1_75' title='bbox 1328 853 1412 890; x_wconf 92' lang='lat' dir='ltr'>nul-</span> 
     </span>
     <span class='ocr_line' id='line_1_11' title="bbox 261 915 1416 966; baseline 0 -15"><span class='ocrx_word' id='word_1_76' title='bbox 261 915 336 952; x_wconf 88' lang='lat' dir='ltr'>lam</span> <span class='ocrx_word' id='word_1_77' title='bbox 367 922 512 966; x_wconf 86' lang='lat' dir='ltr'>partem</span> <span class='ocrx_word' id='word_1_78' title='bbox 545 915 827 953; x_wconf 88' lang='lat' dir='ltr'>Germanorum</span> <span class='ocrx_word' id='word_1_79' title='bbox 857 916 1010 953; x_wconf 89' lang='lat' dir='ltr'>domum</span> <span class='ocrx_word' id='word_1_80' title='bbox 1036 915 1230 952; x_wconf 88' lang='lat' dir='ltr'>remittere</span> <span class='ocrx_word' id='word_1_81' title='bbox 1257 921 1389 964; x_wconf 89' lang='lat' dir='ltr'>posset</span> <span class='ocrx_word' id='word_1_82' title='bbox 1405 928 1416 957; x_wconf 88' lang='lat'>;</span> 
     </span>
     <span class='ocr_line' id='line_1_12' title="bbox 259 976 1274 1027; baseline 0 -15"><span class='ocrx_word' id='word_1_83' title='bbox 259 983 300 1012; x_wconf 79' lang='lat' dir='ltr'>at</span> <span class='ocrx_word' id='word_1_84' title='bbox 318 989 367 1012; x_wconf 89' lang='lat' dir='ltr'>ne</span> <span class='ocrx_word' id='word_1_85' title='bbox 386 988 480 1026; x_wconf 90' lang='lat' dir='ltr'>quos</span> <span class='ocrx_word' id='word_1_86' title='bbox 500 976 663 1027; x_wconf 89' lang='lat' dir='ltr'>amplius</span> <span class='ocrx_word' id='word_1_87' title='bbox 684 977 863 1014; x_wconf 86' lang='lat' dir='ltr'>Rhenum</span> <span class='ocrx_word' id='word_1_88' title='bbox 883 976 1045 1014; x_wconf 86' lang='lat' dir='ltr'>transire</span> <span class='ocrx_word' id='word_1_89' title='bbox 1065 982 1274 1026; x_wconf 86' lang='lat' dir='ltr'>pateretur.</span> 
     </span>
     <span class='ocr_line' id='line_1_13' title="bbox 310 1035 1412 1088; baseline 0.001 -16"><span class='ocrx_word' id='word_1_90' title='bbox 310 1036 455 1073; x_wconf 84' lang='lat' dir='ltr'>XLIV.</span> <span class='ocrx_word' id='word_1_91' title='bbox 502 1037 719 1074; x_wconf 83' lang='lat' dir='ltr'>Ariovistus</span> <span class='ocrx_word' id='word_1_92' title='bbox 733 1037 781 1074; x_wconf 90' lang='lat' dir='ltr'>ad</span> <span class='ocrx_word' id='word_1_93' title='bbox 795 1037 988 1088; x_wconf 87' lang='lat' dir='ltr'>postulata</span> <span class='ocrx_word' id='word_1_94' title='bbox 1001 1035 1174 1074; x_wconf 83' lang='lat' dir='ltr'>Caesaris</span> <span class='ocrx_word' id='word_1_95' title='bbox 1191 1047 1315 1087; x_wconf 86' lang='lat' dir='ltr'>pauca</span> <span class='ocrx_word' id='word_1_96' title='bbox 1333 1047 1412 1073; x_wconf 90' lang='lat' dir='ltr'>res-</span> 
     </span>
     <span class='ocr_line' id='line_1_14' title="bbox 263 1095 1414 1148; baseline 0 -15"><span class='ocrx_word' id='word_1_97' title='bbox 263 1096 400 1148; x_wconf 81' lang='lat' dir='ltr'>pondit</span> <span class='ocrx_word' id='word_1_98' title='bbox 416 1112 424 1139; x_wconf 93' lang='grc'>;</span> <span class='ocrx_word' id='word_1_99' title='bbox 444 1096 492 1134; x_wconf 90' lang='lat' dir='ltr'>de</span> <span class='ocrx_word' id='word_1_100' title='bbox 512 1098 589 1134; x_wconf 91' lang='lat' dir='ltr'>suis</span> <span class='ocrx_word' id='word_1_101' title='bbox 607 1098 810 1136; x_wconf 87' lang='lat' dir='ltr'>virtutibus</span> <span class='ocrx_word' id='word_1_102' title='bbox 825 1099 944 1136; x_wconf 87' lang='lat' dir='ltr'>multa</span> <span class='ocrx_word' id='word_1_103' title='bbox 962 1096 1220 1148; x_wconf 83' lang='lat' dir='ltr'>praedicavit:</span> <span class='ocrx_word' id='word_1_104' title='bbox 1241 1095 1414 1133; x_wconf 81' lang='lat' dir='ltr'>Transis-</span> 
     </span>
     <span class='ocr_line' id='line_1_15' title="bbox 264 1158 1410 1209; baseline -0.002 -14"><span class='ocrx_word' id='word_1_105' title='bbox 264 1172 306 1195; x_wconf 88' lang='lat' dir='ltr'>se</span> <span class='ocrx_word' id='word_1_106' title='bbox 324 1158 502 1195; x_wconf 88' lang='lat' dir='ltr'>Rhenum</span> <span class='ocrx_word' id='word_1_107' title='bbox 522 1171 604 1196; x_wconf 88' lang='lat' dir='ltr'>sese</span> <span class='ocrx_word' id='word_1_108' title='bbox 621 1172 696 1196; x_wconf 89' lang='lat' dir='ltr'>non</span> <span class='ocrx_word' id='word_1_109' title='bbox 712 1172 780 1196; x_wconf 86' lang='lat' dir='ltr'>sua</span> <span class='ocrx_word' id='word_1_110' title='bbox 791 1166 940 1209; x_wconf 89' lang='lat' dir='ltr'>sponte,</span> <span class='ocrx_word' id='word_1_111' title='bbox 960 1158 1028 1195; x_wconf 90' lang='lat' dir='ltr'>sed</span> <span class='ocrx_word' id='word_1_112' title='bbox 1042 1163 1218 1207; x_wconf 86' lang='lat' dir='ltr'>rogatum</span> <span class='ocrx_word' id='word_1_113' title='bbox 1233 1163 1272 1193; x_wconf 90' lang='lat' dir='ltr'>et</span> <span class='ocrx_word' id='word_1_114' title='bbox 1285 1168 1410 1193; x_wconf 85' lang='lat' dir='ltr'>arces-</span> 
     </span>
     <span class='ocr_line' id='line_1_16' title="bbox 261 1218 1411 1270; baseline -0.002 -14"><span class='ocrx_word' id='word_1_115' title='bbox 261 1220 375 1256; x_wconf 85' lang='lat' dir='ltr'>situm</span> <span class='ocrx_word' id='word_1_116' title='bbox 396 1232 418 1256; x_wconf 92' lang='lat' dir='ltr'>a</span> <span class='ocrx_word' id='word_1_117' title='bbox 437 1219 558 1256; x_wconf 88' lang='lat' dir='ltr'>Gallis</span> <span class='ocrx_word' id='word_1_118' title='bbox 575 1236 584 1262; x_wconf 90' lang='lat'>;</span> <span class='ocrx_word' id='word_1_119' title='bbox 602 1233 680 1257; x_wconf 89' lang='lat' dir='ltr'>non</span> <span class='ocrx_word' id='word_1_120' title='bbox 699 1220 780 1257; x_wconf 89' lang='lat' dir='ltr'>sine</span> <span class='ocrx_word' id='word_1_121' title='bbox 799 1232 940 1270; x_wconf 86' lang='lat' dir='ltr'>magna</span> <span class='ocrx_word' id='word_1_122' title='bbox 957 1232 1038 1270; x_wconf 89' lang='lat' dir='ltr'>spe,</span> <span class='ocrx_word' id='word_1_123' title='bbox 1058 1218 1281 1268; x_wconf 82' lang='lat' dir='ltr'>magnisque</span> <span class='ocrx_word' id='word_1_124' title='bbox 1300 1230 1411 1268; x_wconf 90' lang='lat' dir='ltr'>prae-</span> 
     </span>
     <span class='ocr_line' id='line_1_17' title="bbox 261 1279 1411 1332; baseline -0.003 -13"><span class='ocrx_word' id='word_1_125' title='bbox 261 1282 359 1326; x_wconf 65' lang='lat' dir='ltr'>iniis,</span> <span class='ocrx_word' id='word_1_126' title='bbox 378 1281 533 1318; x_wconf 90' lang='lat' dir='ltr'>domum</span> <span class='ocrx_word' id='word_1_127' title='bbox 552 1281 866 1332; x_wconf 79' lang='lat' dir='ltr'>propinquosque</span> <span class='ocrx_word' id='word_1_128' title='bbox 884 1280 1082 1331; x_wconf 85' lang='lat' dir='ltr'>reliquisse</span> <span class='ocrx_word' id='word_1_129' title='bbox 1098 1293 1108 1316; x_wconf 78' lang='grc' dir='ltr'><strong><em>ε</em></strong></span> <span class='ocrx_word' id='word_1_130' title='bbox 1137 1279 1247 1317; x_wconf 91' lang='lat' dir='ltr'>sedes</span> <span class='ocrx_word' id='word_1_131' title='bbox 1266 1280 1411 1317; x_wconf 87' lang='lat' dir='ltr'>habere</span> 
     </span>
     <span class='ocr_line' id='line_1_18' title="bbox 264 1339 1415 1392; baseline -0.003 -14"><span class='ocrx_word' id='word_1_132' title='bbox 264 1341 303 1378; x_wconf 88' lang='lat' dir='ltr'>in</span> <span class='ocrx_word' id='word_1_133' title='bbox 324 1341 464 1387; x_wconf 83' lang='lat' dir='ltr'>Gallia,</span> <span class='ocrx_word' id='word_1_134' title='bbox 484 1342 530 1378; x_wconf 88' lang='lat' dir='ltr'>ab</span> <span class='ocrx_word' id='word_1_135' title='bbox 550 1341 642 1392; x_wconf 89' lang='lat' dir='ltr'>ipsis</span> <span class='ocrx_word' id='word_1_136' title='bbox 661 1354 876 1386; x_wconf 87' lang='lat' dir='ltr'>concessas,</span> <span class='ocrx_word' id='word_1_137' title='bbox 910 1340 1075 1386; x_wconf 86' lang='lat' dir='ltr'>obsides,</span> <span class='ocrx_word' id='word_1_138' title='bbox 1095 1339 1262 1390; x_wconf 86' lang='lat' dir='ltr'>ipsorum</span> <span class='ocrx_word' id='word_1_139' title='bbox 1280 1339 1415 1376; x_wconf 91' lang='lat' dir='ltr'>volun-</span> 
     </span>
     <span class='ocr_line' id='line_1_19' title="bbox 258 1401 1414 1452; baseline -0.003 -12"><span class='ocrx_word' id='word_1_140' title='bbox 258 1410 337 1441; x_wconf 85' lang='lat' dir='ltr'>tate</span> <span class='ocrx_word' id='word_1_141' title='bbox 358 1403 491 1443; x_wconf 84' lang='lat' dir='ltr'>datos:</span> <span class='ocrx_word' id='word_1_142' title='bbox 511 1402 745 1452; x_wconf 88' lang='lat' dir='ltr'>stipendium</span> <span class='ocrx_word' id='word_1_143' title='bbox 765 1414 904 1452; x_wconf 89' lang='lat' dir='ltr'>capere</span> <span class='ocrx_word' id='word_1_144' title='bbox 919 1403 1006 1451; x_wconf 91' lang='lat' dir='ltr'>jure</span> <span class='ocrx_word' id='word_1_145' title='bbox 1024 1401 1129 1446; x_wconf 91' lang='lat' dir='ltr'>belli,</span> <span class='ocrx_word' id='word_1_146' title='bbox 1162 1401 1264 1452; x_wconf 92' lang='lat' dir='ltr'>quod</span> <span class='ocrx_word' id='word_1_147' title='bbox 1292 1401 1414 1437; x_wconf 88' lang='lat' dir='ltr'>victo-</span> 
     </span>
     <span class='ocr_line' id='line_1_20' title="bbox 262 1461 1419 1513; baseline -0.003 -13"><span class='ocrx_word' id='word_1_148' title='bbox 262 1476 324 1501; x_wconf 83' lang='lat' dir='ltr'>r-es</span> <span class='ocrx_word' id='word_1_149' title='bbox 343 1463 452 1500; x_wconf 89' lang='lat' dir='ltr'>victis</span> <span class='ocrx_word' id='word_1_150' title='bbox 473 1462 670 1513; x_wconf 90' lang='lat' dir='ltr'>imponere</span> <span class='ocrx_word' id='word_1_151' title='bbox 699 1462 946 1505; x_wconf 72' lang='lat' dir='ltr'>consuerint3</span> <span class='ocrx_word' id='word_1_152' title='bbox 971 1475 1047 1499; x_wconf 88' lang='lat' dir='ltr'>non</span> <span class='ocrx_word' id='word_1_153' title='bbox 1077 1474 1160 1499; x_wconf 88' lang='lat' dir='ltr'>sese</span> <span class='ocrx_word' id='word_1_154' title='bbox 1181 1461 1317 1506; x_wconf 86' lang='lat' dir='ltr'>Gallis,</span> <span class='ocrx_word' id='word_1_155' title='bbox 1350 1461 1419 1498; x_wconf 91' lang='lat' dir='ltr'>sed</span> 
     </span>
     <span class='ocr_line' id='line_1_21' title="bbox 261 1521 1413 1568; baseline -0.002 -8"><span class='ocrx_word' id='word_1_156' title='bbox 261 1523 395 1561; x_wconf 86' lang='lat' dir='ltr'>Gallos</span> <span class='ocrx_word' id='word_1_157' title='bbox 414 1523 498 1568; x_wconf 88' lang='lat' dir='ltr'>sibi,</span> <span class='ocrx_word' id='word_1_158' title='bbox 518 1523 661 1560; x_wconf 91' lang='lat' dir='ltr'>bellum</span> <span class='ocrx_word' id='word_1_159' title='bbox 691 1523 888 1567; x_wconf 87' lang='lat' dir='ltr'>intulisse;</span> <span class='ocrx_word' id='word_1_160' title='bbox 915 1535 1047 1560; x_wconf 91' lang='lat' dir='ltr'>omnes</span> <span class='ocrx_word' id='word_1_161' title='bbox 1067 1521 1218 1560; x_wconf 87' lang='lat' dir='ltr'>Galliae</span> <span class='ocrx_word' id='word_1_162' title='bbox 1238 1521 1413 1559; x_wconf 84' lang='lat' dir='ltr'>civitates</span> 
     </span>
     <span class='ocr_line' id='line_1_22' title="bbox 264 1581 1416 1634; baseline -0.003 -12"><span class='ocrx_word' id='word_1_163' title='bbox 264 1585 314 1622; x_wconf 88' lang='lat' dir='ltr'>ad</span> <span class='ocrx_word' id='word_1_164' title='bbox 346 1597 387 1622; x_wconf 88' lang='lat' dir='ltr'>se</span> <span class='ocrx_word' id='word_1_165' title='bbox 419 1584 718 1634; x_wconf 79' lang='lat' dir='ltr'>oppugnandum</span> <span class='ocrx_word' id='word_1_166' title='bbox 736 1583 899 1629; x_wconf 83' lang='lat' dir='ltr'>venisse,</span> <span class='ocrx_word' id='word_1_167' title='bbox 926 1595 972 1620; x_wconf 83' lang='lat' dir='ltr'>ac</span> <span class='ocrx_word' id='word_1_168' title='bbox 992 1589 1128 1621; x_wconf 88' lang='lat' dir='ltr'>contra</span> <span class='ocrx_word' id='word_1_169' title='bbox 1145 1595 1186 1619; x_wconf 89' lang='lat' dir='ltr'>se</span> <span class='ocrx_word' id='word_1_170' title='bbox 1207 1589 1334 1619; x_wconf 86' lang='lat' dir='ltr'>castra</span> <span class='ocrx_word' id='word_1_171' title='bbox 1348 1581 1416 1618; x_wconf 84' lang='lat' dir='ltr'>ha·</span> 
     </span>
     <span class='ocr_line' id='line_1_23' title="bbox 263 1643 1421 1695; baseline -0.003 -13"><span class='ocrx_word' id='word_1_172' title='bbox 263 1645 414 1682; x_wconf 82' lang='lat' dir='ltr'>buisse:</span> <span class='ocrx_word' id='word_1_173' title='bbox 443 1658 507 1682; x_wconf 81' lang='lat' dir='ltr'>eas</span> <span class='ocrx_word' id='word_1_174' title='bbox 535 1658 666 1682; x_wconf 85' lang='lat' dir='ltr'>omnes</span> <span class='ocrx_word' id='word_1_175' title='bbox 699 1645 830 1695; x_wconf 86' lang='lat' dir='ltr'>copias</span> <span class='ocrx_word' id='word_1_176' title='bbox 862 1657 884 1682; x_wconf 87' lang='lat' dir='ltr'>a</span> <span class='ocrx_word' id='word_1_177' title='bbox 903 1657 943 1682; x_wconf 89' lang='lat' dir='ltr'>se</span> <span class='ocrx_word' id='word_1_178' title='bbox 963 1657 1040 1681; x_wconf 89' lang='lat' dir='ltr'>uno</span> <span class='ocrx_word' id='word_1_179' title='bbox 1071 1643 1217 1694; x_wconf 88' lang='lat' dir='ltr'>proelio</span> <span class='ocrx_word' id='word_1_180' title='bbox 1239 1643 1344 1683; x_wconf 79' lang='lat' dir='ltr'>fusas</span> <span class='ocrx_word' id='word_1_181' title='bbox 1374 1655 1421 1680; x_wconf 85' lang='lat' dir='ltr'>ac</span> 
     </span>
     <span class='ocr_line' id='line_1_24' title="bbox 260 1705 1418 1756; baseline -0.001 -14"><span class='ocrx_word' id='word_1_182' title='bbox 260 1712 457 1756; x_wconf 85' lang='lat' dir='ltr'>superatas</span> <span class='ocrx_word' id='word_1_183' title='bbox 476 1718 571 1743; x_wconf 88' lang='lat' dir='ltr'>esse.</span> <span class='ocrx_word' id='word_1_184' title='bbox 590 1706 620 1742; x_wconf 91' lang='lat' dir='ltr'>si</span> <span class='ocrx_word' id='word_1_185' title='bbox 653 1706 790 1743; x_wconf 90' lang='lat' dir='ltr'>iterum</span> <span class='ocrx_word' id='word_1_186' title='bbox 821 1705 988 1756; x_wconf 87' lang='lat' dir='ltr'>experiri</span> <span class='ocrx_word' id='word_1_187' title='bbox 1017 1705 1150 1751; x_wconf 88' lang='lat' dir='ltr'>velint,</span> <span class='ocrx_word' id='word_1_188' title='bbox 1180 1705 1319 1742; x_wconf 86' lang='lat' dir='ltr'>iterum</span> <span class='ocrx_word' id='word_1_189' title='bbox 1349 1716 1418 1755; x_wconf 73' lang='lat' dir='ltr'>pa·</span> 
     </span>
     <span class='ocr_line' id='line_1_25' title="bbox 262 1765 1418 1816; baseline -0.001 -13"><span class='ocrx_word' id='word_1_190' title='bbox 262 1774 386 1804; x_wconf 89' lang='lat' dir='ltr'>ratum</span> <span class='ocrx_word' id='word_1_191' title='bbox 401 1779 484 1803; x_wconf 89' lang='lat' dir='ltr'>sese</span> <span class='ocrx_word' id='word_1_192' title='bbox 505 1767 729 1804; x_wconf 87' lang='lat' dir='ltr'>decertare:</span> <span class='ocrx_word' id='word_1_193' title='bbox 762 1765 792 1803; x_wconf 89' lang='lat' dir='ltr'>si</span> <span class='ocrx_word' id='word_1_194' title='bbox 805 1779 900 1816; x_wconf 85' lang='lat' dir='ltr'>pace</span> <span class='ocrx_word' id='word_1_195' title='bbox 917 1766 972 1803; x_wconf 88' lang='lat' dir='ltr'>uti</span> <span class='ocrx_word' id='word_1_196' title='bbox 989 1765 1122 1811; x_wconf 89' lang='lat' dir='ltr'>velint,</span> <span class='ocrx_word' id='word_1_197' title='bbox 1142 1765 1315 1815; x_wconf 89' lang='lat' dir='ltr'>iniquum</span> <span class='ocrx_word' id='word_1_198' title='bbox 1334 1777 1418 1806; x_wconf 86' lang='lat' dir='ltr'>esse</span> 
     </span>
     <span class='ocr_line' id='line_1_26' title="bbox 261 1826 1414 1878; baseline -0.002 -13"><span class='ocrx_word' id='word_1_199' title='bbox 261 1829 310 1865; x_wconf 83' lang='lat' dir='ltr'>de</span> <span class='ocrx_word' id='word_1_200' title='bbox 329 1828 521 1878; x_wconf 85' lang='lat' dir='ltr'>stipendio</span> <span class='ocrx_word' id='word_1_201' title='bbox 541 1840 735 1873; x_wconf 88' lang='lat' dir='ltr'>recusare,</span> <span class='ocrx_word' id='word_1_202' title='bbox 764 1827 867 1878; x_wconf 91' lang='lat' dir='ltr'>quod</span> <span class='ocrx_word' id='word_1_203' title='bbox 887 1839 956 1864; x_wconf 88' lang='lat' dir='ltr'>sua</span> <span class='ocrx_word' id='word_1_204' title='bbox 974 1827 1172 1864; x_wconf 88' lang='lat' dir='ltr'>voluntate</span> <span class='ocrx_word' id='word_1_205' title='bbox 1192 1826 1240 1863; x_wconf 89' lang='lat' dir='ltr'>ad</span> <span class='ocrx_word' id='word_1_206' title='bbox 1259 1826 1298 1863; x_wconf 89' lang='lat' dir='ltr'>id</span> <span class='ocrx_word' id='word_1_207' title='bbox 1316 1834 1414 1864; x_wconf 88' lang='lat' dir='ltr'>tem-</span> 
     </span>
     <span class='ocr_line' id='line_1_27' title="bbox 259 1887 1416 1939; baseline -0.003 -13"><span class='ocrx_word' id='word_1_208' title='bbox 259 1902 330 1939; x_wconf 87' lang='lat' dir='ltr'>pus</span> <span class='ocrx_word' id='word_1_209' title='bbox 350 1889 620 1939; x_wconf 81' lang='lat' dir='ltr'>pependerint.</span> <span class='ocrx_word' id='word_1_210' title='bbox 677 1888 901 1926; x_wconf 83' lang='lat' dir='ltr'>Amicitiam</span> <span class='ocrx_word' id='word_1_211' title='bbox 926 1888 1059 1938; x_wconf 89' lang='lat' dir='ltr'>populi</span> <span class='ocrx_word' id='word_1_212' title='bbox 1079 1887 1244 1924; x_wconf 88' lang='lat' dir='ltr'>Romani</span> <span class='ocrx_word' id='word_1_213' title='bbox 1263 1887 1335 1924; x_wconf 89' lang='lat' dir='ltr'>sibi</span> <span class='ocrx_word' id='word_1_214' title='bbox 1355 1899 1416 1923; x_wconf 94' lang='lat' dir='ltr'>or-</span> 
     </span>
     <span class='ocr_line' id='line_1_28' title="bbox 259 1948 1417 2000; baseline -0.003 -13"><span class='ocrx_word' id='word_1_215' title='bbox 259 1957 453 1996; x_wconf 85' lang='lat' dir='ltr'>namento,</span> <span class='ocrx_word' id='word_1_216' title='bbox 477 1956 516 1986; x_wconf 91' lang='lat' dir='ltr'>et</span> <span class='ocrx_word' id='word_1_217' title='bbox 532 1949 738 2000; x_wconf 83' lang='lat' dir='ltr'>praesidio,</span> <span class='ocrx_word' id='word_1_218' title='bbox 758 1962 834 1986; x_wconf 91' lang='lat' dir='ltr'>non</span> <span class='ocrx_word' id='word_1_219' title='bbox 850 1948 1095 1993; x_wconf 88' lang='lat' dir='ltr'>detrimento,</span> <span class='ocrx_word' id='word_1_220' title='bbox 1111 1960 1193 1985; x_wconf 88' lang='lat' dir='ltr'>esse</span> <span class='ocrx_word' id='word_1_221' title='bbox 1213 1954 1391 1998; x_wconf 88' lang='lat' dir='ltr'>oportere</span> <span class='ocrx_word' id='word_1_222' title='bbox 1405 1960 1417 1983; x_wconf 73' lang='lat' dir='ltr'>z</span> 
     </span>
     <span class='ocr_line' id='line_1_29' title="bbox 259 2008 1411 2062; baseline -0.003 -15"><span class='ocrx_word' id='word_1_223' title='bbox 259 2012 374 2062; x_wconf 92' lang='lat' dir='ltr'>idque</span> <span class='ocrx_word' id='word_1_224' title='bbox 404 2025 445 2049; x_wconf 91' lang='lat' dir='ltr'>se</span> <span class='ocrx_word' id='word_1_225' title='bbox 464 2024 510 2049; x_wconf 88' lang='lat' dir='ltr'>ea</span> <span class='ocrx_word' id='word_1_226' title='bbox 529 2024 599 2062; x_wconf 82' lang='lat' dir='ltr'>spe</span> <span class='ocrx_word' id='word_1_227' title='bbox 629 2012 784 2062; x_wconf 82' lang='lat' dir='ltr'>petisse.</span> <span class='ocrx_word' id='word_1_228' title='bbox 844 2010 883 2047; x_wconf 84' lang='lat' dir='ltr'>Si</span> <span class='ocrx_word' id='word_1_229' title='bbox 902 2022 970 2060; x_wconf 90' lang='lat' dir='ltr'>per</span> <span class='ocrx_word' id='word_1_230' title='bbox 989 2009 1171 2060; x_wconf 89' lang='lat' dir='ltr'>populum</span> <span class='ocrx_word' id='word_1_231' title='bbox 1192 2008 1411 2045; x_wconf 86' lang='lat' dir='ltr'>Romanum</span> 
     </span>
     <span class='ocr_line' id='line_1_30' title="bbox 265 2070 1422 2122; baseline -0.002 -14"><span class='ocrx_word' id='word_1_232' title='bbox 265 2072 498 2122; x_wconf 77' lang='lat' dir='ltr'>stipendium</span> <span class='ocrx_word' id='word_1_233' title='bbox 517 2072 750 2116; x_wconf 88' lang='lat' dir='ltr'>remittatur,</span> <span class='ocrx_word' id='word_1_234' title='bbox 771 2077 810 2107; x_wconf 90' lang='lat' dir='ltr'>et</span> <span class='ocrx_word' id='word_1_235' title='bbox 834 2070 1007 2107; x_wconf 90' lang='lat' dir='ltr'>dediticii</span> <span class='ocrx_word' id='word_1_236' title='bbox 1027 2070 1313 2115; x_wconf 85' lang='lat' dir='ltr'>subtrahantur,</span> <span class='ocrx_word' id='word_1_237' title='bbox 1342 2081 1422 2106; x_wconf 88' lang='lat' dir='ltr'>non</span> 
     </span>
     <span class='ocr_line' id='line_1_31' title="bbox 264 2129 1420 2181; baseline -0.003 -13"><span class='ocrx_word' id='word_1_238' title='bbox 264 2132 390 2169; x_wconf 86' lang='lat' dir='ltr'>minus</span> <span class='ocrx_word' id='word_1_239' title='bbox 409 2132 577 2170; x_wconf 87' lang='lat' dir='ltr'>libenter</span> <span class='ocrx_word' id='word_1_240' title='bbox 596 2145 679 2170; x_wconf 88' lang='lat' dir='ltr'>sese</span> <span class='ocrx_word' id='word_1_241' title='bbox 698 2138 961 2168; x_wconf 85' lang='lat' dir='ltr'>recusaturum</span> <span class='ocrx_word' id='word_1_242' title='bbox 981 2131 1113 2181; x_wconf 89' lang='lat' dir='ltr'>populi</span> <span class='ocrx_word' id='word_1_243' title='bbox 1132 2129 1295 2167; x_wconf 86' lang='lat' dir='ltr'>Romani</span> <span class='ocrx_word' id='word_1_244' title='bbox 1327 2129 1420 2166; x_wconf 87' lang='lat' dir='ltr'>ami-</span> 
     </span>
     <span class='ocr_line' id='line_1_32' title="bbox 269 2190 1417 2244; baseline -0.002 -15"><span class='ocrx_word' id='word_1_245' title='bbox 269 2194 414 2239; x_wconf 87' lang='lat' dir='ltr'>citiam,</span> <span class='ocrx_word' id='word_1_246' title='bbox 445 2207 558 2244; x_wconf 91' lang='lat' dir='ltr'>quam</span> <span class='ocrx_word' id='word_1_247' title='bbox 590 2192 805 2243; x_wconf 86' lang='lat' dir='ltr'>appetierit.</span> <span class='ocrx_word' id='word_1_248' title='bbox 880 2192 995 2234; x_wconf 80' lang='lat' dir='ltr'>Quod</span> <span class='ocrx_word' id='word_1_249' title='bbox 1012 2191 1297 2229; x_wconf 90' lang='lat' dir='ltr'>multitudinem</span> <span class='ocrx_word' id='word_1_250' title='bbox 1318 2190 1417 2227; x_wconf 90' lang='lat' dir='ltr'>Ger-</span> 
     </span>
     <span class='ocr_line' id='line_1_33' title="bbox 268 2252 1418 2298; baseline -0.002 -8"><span class='ocrx_word' id='word_1_251' title='bbox 268 2266 469 2291; x_wconf 85' lang='lat' dir='ltr'>manorum</span> <span class='ocrx_word' id='word_1_252' title='bbox 504 2255 538 2290; x_wconf 84' lang='lat' dir='ltr'>in</span> <span class='ocrx_word' id='word_1_253' title='bbox 560 2253 725 2292; x_wconf 81' lang='lat' dir='ltr'>Galliam</span> <span class='ocrx_word' id='word_1_254' title='bbox 759 2253 994 2298; x_wconf 86' lang='lat' dir='ltr'>transducat,</span> <span class='ocrx_word' id='word_1_255' title='bbox 1023 2253 1062 2289; x_wconf 90' lang='lat' dir='ltr'>id</span> <span class='ocrx_word' id='word_1_256' title='bbox 1091 2265 1131 2290; x_wconf 90' lang='lat' dir='ltr'>se</span> <span class='ocrx_word' id='word_1_257' title='bbox 1159 2253 1217 2290; x_wconf 89' lang='lat' dir='ltr'>sui</span> <span class='ocrx_word' id='word_1_258' title='bbox 1242 2252 1418 2289; x_wconf 90' lang='lat' dir='ltr'>munien-</span> 
     </span>
     <span class='ocr_line' id='line_1_34' title="bbox 259 2312 1416 2364; baseline 0 -14"><span class='ocrx_word' id='word_1_259' title='bbox 259 2313 314 2359; x_wconf 85' lang='lat' dir='ltr'>di,</span> <span class='ocrx_word' id='word_1_260' title='bbox 337 2327 415 2351; x_wconf 90' lang='lat' dir='ltr'>non</span> <span class='ocrx_word' id='word_1_261' title='bbox 437 2313 588 2354; x_wconf 80' lang='lat' dir='ltr'>Galliae</span> <span class='ocrx_word' id='word_1_262' title='bbox 608 2313 904 2364; x_wconf 85' lang='lat' dir='ltr'>impugnandae,</span> <span class='ocrx_word' id='word_1_263' title='bbox 930 2326 1063 2352; x_wconf 85' lang='lat' dir='ltr'>caussa</span> <span class='ocrx_word' id='word_1_264' title='bbox 1080 2314 1228 2353; x_wconf 83' lang='lat' dir='ltr'>facere:</span> <span class='ocrx_word' id='word_1_265' title='bbox 1257 2315 1339 2364; x_wconf 88' lang='lat' dir='ltr'>ejus</span> <span class='ocrx_word' id='word_1_266' title='bbox 1358 2312 1416 2354; x_wconf 88' lang='lat' dir='ltr'>rei</span> 
     </span>
    </p>
   </div>
  </div>
 </body>
</html>
