1556 2683
286 244 358 283 178
587 244 663 281 DE
691 243 872 281 BELLO
901 242 1145 281 GALLICO

334 346 457 384 XLV.
510 346 599 384 Hac
627 360 668 384 re
697 347 866 397 cognita,
896 348 1038 385 Caesar
1064 346 1182 383 mittit
1211 345 1427 396 complures

283 407 452 457 equitum
474 414 617 445 turmas
637 420 683 444 eo
711 407 759 444 de
778 407 904 445 media
932 414 1064 444 nocte:
1102 406 1146 443 iis
1173 405 1349 455 imperat,
1383 413 1430 443 ut

281 468 410 518 paullo
430 468 700 505 tumultuosius
720 468 895 505 omnibus
928 468 966 504 in
998 468 1092 504 locis
1111 474 1425 517 pervagarentur,

280 528 409 565 Prima
436 529 522 566 luce
550 541 732 578 magnum
764 539 966 566 numerum
994 528 1354 579 impedimentorum
1374 542 1427 565 ex

280 589 415 628 castris
442 589 708 639 mulorumque
734 590 911 639 produci,
944 602 1042 640 eque
1062 590 1105 626 iis
1129 596 1338 626 stramenta
1357 590 1425 627 de·

280 651 394 696 trabi,
414 651 679 701 mulionesque
698 664 784 687 cum
806 651 1029 694 cassidibus,
1046 650 1215 701 equitum
1232 650 1361 701 specie
1380 664 1427 688 ac

280 711 538 756 simulatione,
571 711 732 748 collibus
752 711 986 748 circumvehi
1011 712 1135 760 jubet.
1190 711 1262 747 His
1282 723 1429 761 paucos

281 773 388 810 addit
406 772 569 822 equites,
590 772 655 821 qui
675 772 787 809 latius
803 772 1070 814 ostentationis
1090 786 1221 810 caussa
1241 786 1427 823 vagaren-

279 842 356 872 tur.
408 834 546 883 Longo
573 833 738 870 circuitu
758 834 911 871 easdem
932 847 1063 870 omnes
1083 835 1195 883 jubet
1216 842 1346 884 petere
1367 846 1426 870 re-

278 896 425 945 giones.
473 895 583 932 Haec
598 895 733 944 procul
752 908 800 932 ex
822 895 963 944 oppido
983 895 1224 940 videbantur,
1246 902 1286 932 ut
1305 903 1388 933 erat
1404 908 1430 933 a

280 955 475 1006 Gergovia
504 956 711 1005 despectus
743 955 780 992 in
809 965 955 994 castra:
993 968 1120 1006 neque
1149 963 1257 993 tanto
1287 956 1426 1005 spatio,

280 1017 375 1055 certi
394 1017 487 1067 quid
506 1024 622 1061 esset,
648 1017 841 1067 explorari
861 1024 1024 1066 poterat.
1078 1017 1292 1066 Legionem
1312 1030 1426 1054 unam

279 1078 415 1116 eodem
427 1079 523 1128 jugo
540 1076 671 1123 mittit,
691 1084 730 1114 et
742 1077 869 1128 paullo
884 1090 1123 1126 progressam
1140 1076 1318 1114 inferiore
1335 1090 1427 1114 con-

279 1138 404 1176 stituit
423 1138 524 1184 loco,
554 1138 733 1188 silvisque
762 1138 945 1175 occultat.
1001 1139 1179 1187 Augetur
1199 1137 1319 1175 Gallis
1347 1151 1427 1176 sus-

279 1200 398 1251 picio,
430 1207 546 1250 atque
566 1212 698 1236 omnes
718 1198 782 1236 illo
803 1199 850 1235 ad
876 1198 1128 1236 munitionem
1150 1199 1282 1249 copiae
1303 1207 1425 1237 trans-

280 1261 487 1298 ducuntur.
525 1260 659 1297 Vacua
674 1267 799 1297 castra
818 1259 983 1296 hostium
1005 1259 1147 1296 Caesar
1167 1260 1426 1310 conspicatuS,

279 1323 393 1360 tectis
413 1321 625 1371 insignibus
644 1334 813 1366 suorum,
843 1320 1123 1370 occultatisque
1152 1320 1270 1370 signis
1290 1321 1427 1359 milita=

278 1383 398 1428 ribus,
417 1395 522 1420 raros
541 1382 694 1426 milites,
715 1394 762 1418 ne
783 1395 832 1418 ex
853 1381 995 1432 oppido
1015 1382 1427 1429 animadverterentur,

279 1457 329 1482 ex
348 1444 556 1493 majoribus
575 1443 708 1480 castris
724 1443 760 1479 in
782 1442 929 1479 minora
943 1442 1180 1486 transducit;
1199 1443 1426 1494 legatisque,

279 1518 376 1556 quos
395 1505 554 1553 singulis
573 1504 787 1554 legionibus
807 1503 1059 1554 praefecerat,
1085 1504 1175 1554 quid
1195 1504 1278 1541 fieri
1297 1505 1427 1551 vellet,

281 1567 472 1605 ostendit:
506 1566 543 1602 in
563 1565 693 1616 primis
712 1573 857 1610 monet,
887 1572 928 1602 ut
949 1566 1174 1603 contineant
1192 1566 1346 1612 milites,
1378 1580 1427 1604 ne

280 1628 407 1666 studio
422 1626 632 1679 pugnandi,
652 1634 719 1664 aut
733 1639 800 1677 spe
815 1626 995 1677 praedae,
1016 1627 1166 1676 longius
1179 1628 1427 1677 progredian-

280 1696 367 1726 tur:
398 1689 489 1740 quid
505 1688 682 1738 iniquitas
701 1688 777 1725 loci
795 1688 935 1738 lrabeat
955 1687 1203 1733 incommodi,
1223 1690 1425 1740 proponit:

280 1750 357 1788 hoc
377 1763 452 1787 una
471 1749 669 1787 celeritate
689 1761 800 1798 posse
820 1748 955 1785 vitari:
988 1749 1200 1786 occasionis
1228 1762 1310 1788 esse
1330 1762 1426 1796 rem,

280 1824 357 1848 non
379 1810 527 1861 proelii.
582 1809 654 1846 His
673 1810 788 1846 rebus
809 1809 1008 1860 expositis,
1041 1810 1191 1859 signum
1212 1811 1291 1856 dat,
1321 1819 1360 1849 et
1379 1813 1427 1849 ab

280 1872 442 1909 dextera
470 1878 577 1922 parte
597 1870 671 1908 alio
691 1870 879 1907 adscensu
906 1871 1043 1908 eodem
1063 1878 1236 1922 tempore
1266 1872 1427 1910 Aeduos

279 1933 411 1971 mittit.

334 1993 479 2031 XLVI.
529 1993 672 2044 Oppidi
694 2006 824 2030 murus
844 1994 893 2030 ab
912 1993 1071 2043 planitie
1097 2001 1213 2045 atque
1233 1994 1341 2032 initio
1361 1996 1426 2033 ad-

279 2068 452 2101 scensuS,
485 2061 592 2092 recta
611 2054 782 2104 regione,
803 2054 832 2091 si
852 2055 978 2091 nullus
997 2054 1192 2092 anfractus
1211 2056 1427 2095 intercede-

279 2124 353 2162 ret,
384 2127 467 2152 mcc
486 2128 618 2165 passus
648 2116 804 2152 aberat:
844 2114 1029 2166 quidquid
1058 2116 1148 2153 huic
1167 2117 1352 2154 circuitus
1378 2117 1427 2155 ad

279 2176 530 2214 molliendum
567 2176 707 2214 clivum
745 2184 973 2223 accesserat,
1012 2176 1049 2213 id
1085 2177 1248 2227 spatium
1281 2178 1428 2216 itineris

279 2238 458 2288 augebat.
514 2238 569 2274 At
601 2237 729 2275 medio
761 2237 840 2275 fere
868 2237 967 2275 colle
987 2238 1024 2274 in
1051 2238 1346 2288 longitudinem,
1384 2245 1426 2276 ut

280 2306 417 2339 natura
434 2298 575 2338 montis
592 2298 755 2345 ferebat,
783 2310 834 2336 ex
852 2298 1062 2348 grandibus
1079 2298 1181 2337 saxis
1211 2310 1256 2336 vl
1284 2298 1430 2349 pedum
