1556 2683
532 214 699 253 LIBER
752 215 821 253 1V.
1217 219 1266 256 85

119 329 248 363 naves,
277 329 373 369 quae
393 331 442 356 ex
462 331 509 356 eo
534 319 620 356 loco
639 320 687 356 ab
707 319 873 356 millibus
891 331 1070 368 passuum
1093 330 1154 356 ux
1173 302 1286 356 ven-⁴

118 386 158 416 to
177 379 419 426 tenebantur,
451 393 529 430 qno
549 380 673 417 minus
693 380 729 416 in
750 380 913 417 eundem
947 388 1099 430 portum
1129 393 1262 430 perve-

118 441 201 476 nire
221 447 389 490 possent.
443 440 526 477 Has
546 442 736 491 equitibus
755 441 966 483 distribuit;
986 441 1174 491 reliquum
1195 454 1263 478 ex-

115 500 277 537 ercitum
299 501 346 541 Q.
369 501 515 538 Titurio
538 501 678 538 Sabino
698 509 737 538 et
756 501 800 537 L.
823 501 1087 538 Aurunculeio
1113 502 1265 548 Cottae,

114 560 265 610 legatis,
293 562 330 598 in
351 562 569 612 Menapios,
589 570 704 612 atque
725 562 761 598 in
778 575 843 599 eos
863 574 981 612 pagos
1003 561 1258 607 Morinorum,

115 623 163 658 ab
183 623 319 671 quibus
347 622 395 659 ad
415 636 501 660 eum
530 623 646 673 legati
666 636 742 660 non
763 630 959 668 venerant,
992 622 1263 665 deducendum

113 682 231 719 dedit.
287 682 329 719 P.
352 683 563 733 Sulpicium
588 682 727 720 Rufum
748 682 918 732 legatum
944 696 1031 720 cum
1051 696 1098 720 eo
1118 685 1260 734 praesi-

118 742 196 787 dio,
217 744 319 793 quod
335 744 424 781 satiS
440 756 523 781 esse
539 743 807 787 arbitrabatur,
828 750 980 793 portum
996 751 1128 781 tenere
1138 744 1265 793 jussit,

127 825 130 828 ·
167 803 319 841 XXIII.
374 804 447 841 His
474 805 691 842 constitutis
711 805 837 849 rebus,
863 812 997 841 nactus
1017 804 1193 842 idoneam
1213 804 1262 841 ad

113 865 370 914 navigandum
391 873 674 916 tempestatem,
695 865 808 902 tertia
826 864 906 902 fere
921 865 1050 915 vigilia
1069 865 1194 911 solvit,
1223 879 1264 902 e-

113 926 315 977 quitesque
334 927 372 963 in
406 927 627 964 ulteriorem
659 933 813 976 portum
847 927 1041 976 progredi,
1076 934 1114 964 et
1146 940 1262 964 naves

111 989 388 1033 conscendere,
422 995 461 1025 et
481 1000 521 1024 se
541 987 662 1038 sequi,
688 987 822 1037 jussit:
864 1001 886 1024 a
906 988 1042 1037 quibus
1075 1001 1190 1038 quum
1223 989 1265 1026 id

110 1049 239 1099 paullo
259 1049 402 1086 tardius
423 1056 525 1086 esset
544 1049 863 1093 administratum,
884 1048 964 1098 ipse
980 1049 1074 1086 liora
1093 1049 1169 1086 diei
1189 1050 1262 1087 cir-

111 1110 209 1147 citer
231 1122 276 1146 1v
296 1122 384 1147 cum
413 1109 544 1160 primis
569 1109 729 1146 navibus
755 1108 992 1146 Britanniam
1022 1109 1174 1159 attigit;
1202 1117 1260 1147 at-

111 1184 188 1222 que
216 1171 267 1208 ibi
303 1171 340 1207 in
370 1171 545 1208 omnibus
578 1171 740 1208 collibus
770 1171 966 1220 expositas
997 1171 1164 1208 hostium
1194 1185 1260 1209 co-

108 1232 191 1283 pias
210 1240 374 1270 armatas
394 1232 608 1282 conspexit.
648 1232 768 1280 Cujus
788 1231 861 1268 loci
883 1231 979 1268 haec
999 1239 1081 1269 erat
1099 1240 1260 1269 natura:

109 1293 208 1331 adeo
227 1295 425 1331 montibus
443 1292 616 1342 angustis
634 1304 738 1329 mare
759 1292 1042 1337 continebatur,
1064 1293 1119 1329 uti
1134 1306 1183 1330 ex
1203 1293 1259 1330 lo-

109 1354 164 1391 cis
184 1355 445 1405 superioribus
477 1355 516 1391 in
536 1354 642 1390 littus
661 1353 779 1390 telum
801 1352 915 1402 adjici
944 1362 1086 1403 posset.
1139 1353 1261 1392 Hunc

110 1416 159 1453 ad
177 1416 454 1466 egrediendum
479 1427 721 1465 nequaquam
754 1414 934 1451 idoneum
963 1414 1169 1452 arbitratus
1201 1415 1259 1452 lo-

108 1490 211 1523 cum,
242 1477 332 1514 (lum
354 1477 523 1528 reliquae
543 1489 657 1514 naves
676 1489 723 1514 eo
743 1477 1009 1521 convenirent,
1044 1476 1092 1513 ad
1124 1477 1258 1514 horam

109 1551 152 1576 lx
167 1539 205 1576 in
226 1539 405 1577 anchoris
424 1537 675 1589 exspectavit.
728 1537 887 1574 Interim
907 1536 1056 1586 legatis,
1077 1537 1258 1574 tribunis-

106 1613 181 1650 que
200 1600 378 1645 militum‚
395 1600 629 1644 convocatis,
645 1607 684 1636 et
699 1611 796 1649 quae
813 1611 863 1635 ex
881 1598 1074 1635 Voluseno
1090 1599 1255 1649 cognos-

103 1668 176 1706 set,
197 1668 236 1698 et
254 1674 352 1712 quae
371 1661 454 1698 fieri
472 1661 602 1706 vellet,
622 1659 811 1698 ostendit:
837 1659 1076 1710 monuitque,
1113 1659 1176 1711 (ut
1196 1661 1253 1698 rei

104 1722 277 1760 militaris
308 1723 418 1766 ratio,
446 1722 611 1759 maxime
647 1723 738 1770 [ut]
762 1721 974 1758 maritimae
993 1734 1052 1759 res
1084 1723 1253 1772 postula-

105 1791 205 1829 rent,
239 1792 282 1820 ut
301 1797 399 1834 quae
432 1784 597 1821 celerem
623 1790 739 1833 atque
773 1782 988 1820 instabilem
1016 1792 1163 1820 motum
1187 1784 1255 1821 ha-

102 1844 262 1896 berent)
286 1845 335 1882 ad
353 1852 491 1881 nutum
520 1852 560 1881 et
578 1844 626 1881 ad
653 1851 804 1894 tempus
824 1856 957 1880 omnes
976 1856 1036 1881 res
1056 1845 1102 1881 ab
1123 1845 1167 1881 iis
1186 1844 1255 1881 ad-

104 1905 423 1943 ministrarentur.
477 1905 552 1943 His
571 1905 746 1950 dimissis,
777 1913 817 1942 et
848 1914 1004 1942 ventum
1035 1912 1074 1943 et
1106 1913 1254 1942 aestum

104 1979 182 2004 uno
202 1974 376 2017 tempore
392 1974 527 2005 nactus
541 1966 768 2012 secundum,
789 1967 878 2003 dato
894 1966 1018 2016 signo,
1038 1974 1078 2004 et
1097 1967 1256 2004 sublatis

104 2027 297 2073 anchoris,
331 2027 486 2065 circiter
505 2027 623 2064 millia
641 2040 819 2078 passuum
843 2040 905 2064 vu
928 2028 975 2064 ab
995 2040 1042 2064 eo
1062 2027 1148 2064 loco
1167 2041 1254 2078 pro-

104 2101 270 2138 gressus,
291 2097 425 2139 aperto
445 2102 490 2126 ac
510 2088 625 2139 plano
640 2088 768 2126 littore
788 2101 903 2126 naves
923 2088 1134 2126 constituit.

152 2147 298 2185 XXIV.
355 2149 410 2185 At
437 2148 602 2194 barbari,
637 2148 798 2186 consilio
829 2149 1093 2186 Romanorum
1119 2149 1252 2199 cogni-

100 2217 156 2255 to,
176 2209 383 2260 praemisso
403 2209 592 2260 equitatu,
621 2217 660 2246 et
679 2210 894 2255 essedariis,
925 2223 1000 2260 quo
1029 2210 1255 2260 plerumque

99 2283 242 2320 genere
262 2271 299 2307 in
319 2271 472 2321 proeliis
492 2270 548 2308 uti
567 2272 817 2318 consuerunt,
845 2270 1002 2322 reliquis
1023 2271 1144 2322 copiis
1163 2273 1252 2309 sub-

1551 1168 1553 1183 ⁴

1551 1191 1554 1200 ι
