1576 2693
217 276 251 313 vi
634 273 948 313 PRAEFATIO

214 382 241 402 “
262 379 437 416 structio.
476 378 612 429 Neque
633 380 733 416 enirn
753 379 849 417 haec
868 393 957 425 vox,
977 378 1144 424 debeant,
1166 391 1252 416 cum
1271 378 1357 424 ista,

215 445 241 463 ‘⁴
261 453 358 490 quae
379 440 600 490 praecessit,
620 440 758 485 dicant,
780 440 999 478 cohaerere.
1055 439 1205 490 Quippe
1224 453 1300 476 non
1319 440 1358 475 id

213 506 241 524 ‘¹
261 501 323 538 hic
343 501 483 550 agitur,
503 508 545 537 ut
560 500 598 546 ii,
620 501 682 551 qui
703 501 776 537 hac
795 501 966 538 oratione
988 500 1171 551 populum
1191 513 1361 538 commo-

213 567 240 584 “
259 575 348 599 vere
363 569 564 607 conantur,
583 562 657 612 ipsi
670 561 839 598 dubitare
853 575 924 599 non
940 561 1106 607 debeant,
1127 561 1194 598 sed
1208 568 1250 598 ut
1264 561 1360 597 mul-

213 628 239 645 “
260 623 463 660 titudinem
480 622 611 659 dicant
625 622 795 659 dubitare
807 636 877 659 non
891 623 1031 668 debere,
1045 622 1147 673 quin,
1159 625 1229 659 ἃς.
1257 623 1361 664 Qua-

213 688 238 705 “
262 696 316 729 re,
337 684 367 719 si
388 696 476 720 vera
491 684 539 719 sit
554 684 625 720 ista
640 683 769 728 lectio,
791 695 902 732 quarn
916 695 1029 734 supra
1046 683 1174 720 intulit
1190 681 1361 719 Faernus

215 749 241 766 “
261 749 504 795 —praestare
522 743 854 780 ‹licant-omnino
883 744 945 780 hic
970 743 1233 793 reponendum
1254 743 1359 780 vide-

212 808 239 826 “
260 811 490 855 tur—neque
508 803 680 841 dubitare
698 803 867 841 ἀρὰν-εἶ’
922 804 1034 841 Haec
1055 803 1244 848 Clarkius‚
1270 816 1360 841 acu-

213 864 369 908 tissime,
391 871 433 901 ut
448 864 562 905 solen
580 871 633 909 at,
654 871 695 901 ut
711 864 819 901 nobis
833 859 998 910 videtur,
1018 864 1129 901 nimis
1148 863 1360 900 fastidiose.

215 925 293 962 Cur
322 925 438 970 enini,
469 933 602 962 contra
621 932 789 962 mentem
809 926 990 970 auctoris,
1023 925 1179 962 verbum
1208 924 1360 961 debeant

212 999 300 1022 cum
338 985 596 1036 praecedente
633 986 758 1023 dicant
800 986 1007 1024 cohaerere
1046 986 1256 1036 putandum
1290 992 1361 1031 est,

214 1060 331 1097 quum
352 1059 473 1097 aeque
494 1047 694 1084 commode
713 1047 762 1084 ad
781 1046 1048 1084 multitudinem
1068 1046 1200 1083 referri
1220 1053 1361 1096 potest,

213 1109 275 1158 qui
301 1109 378 1157 jam
400 1107 554 1145 lectoris
583 1108 709 1145 animo
731 1109 981 1145 obversantur
1001 1115 1180 1158 tanquam
1210 1108 1362 1157 subjec-

213 1177 295 1205 tum
314 1169 420 1206 verbi
443 1169 620 1220 possint?
674 1169 771 1206 Tum
793 1182 899 1213 vero,
930 1168 1067 1218 inquit,
1096 1168 1225 1206 debere
1251 1182 1361 1219 repo-

212 1230 380 1266 nendum
402 1237 473 1275 cst,
494 1230 583 1279 quia
597 1230 754 1266 verbum
771 1229 897 1266 dicant
918 1229 1180 1279 praecesserit.
1218 1230 1274 1267 At
1285 1230 1360 1267 hoc

212 1289 367 1327 minime
384 1290 639 1328 necessarium
660 1297 731 1327 est.
773 1290 885 1335 Nam,
906 1289 977 1327 etsi
996 1289 1201 1340 scriptores
1217 1291 1360 1336 Latini,

213 1351 252 1387 in
286 1350 521 1388 orationibus
550 1350 705 1400 obliquo
735 1363 911 1387 sermone
939 1351 1174 1396 enarrandis,
1206 1350 1360 1388 infiniti-

211 1425 299 1448 vum
317 1412 550 1461 subjungere
566 1411 704 1457 solent,
719 1411 782 1448 ubi
797 1411 952 1447 verbum
966 1410 1046 1447 dico
1061 1412 1234 1461 proxime
1250 1424 1359 1462 prac-

213 1471 385 1516 cesserit,
416 1471 509 1507 nihil
537 1478 664 1508 tamen
692 1470 866 1508 usitatius
899 1476 970 1516 est,
1002 1483 1116 1520 quam
1149 1469 1359 1506 orationem

213 1532 352 1568 deinde
373 1544 441 1581 per
460 1532 615 1569 modum
637 1531 924 1581 subjunctivum
944 1529 1174 1575 continuari,
1209 1529 1359 1580 quoties

211 1604 351 1642 nempe
369 1599 498 1628 orator
513 1592 608 1641 ipse,
629 1591 778 1628 directo
793 1603 969 1628 sermone
984 1591 1159 1641 loquens,
1179 1591 1360 1640 subjunc-

212 1653 291 1690 tivo
312 1653 367 1689 uti
388 1653 444 1689 vel
465 1660 594 1702 posset
614 1652 672 1689 vel
693 1652 863 1689 deberet.
918 1652 977 1689 Ita
996 1652 1142 1697 Livius,
1163 1652 1209 1688 L.
1235 1652 1305 1688 IV.
1326 1665 1358 1688 c.

213 1717 249 1752 ¹2.
295 1719 320 1737 “
344 1713 548 1763 Negabant
578 1713 754 1750 consules
789 1713 993 1763 [dicebant
1021 1715 1122 1762 non]
1153 1714 1232 1762 jam
1261 1713 1360 1750 ultra

215 1781 241 1798 ‘⁶
261 1775 351 1812 ferri
384 1787 496 1825 posse
515 1774 664 1811 furores
683 1774 916 1819 tribunitios,
947 1777 1016 1811 ἃς.
1070 1774 1361 1811 Reminisceren-

212 1841 239 1860 “
258 1842 334 1882 tur,
354 1848 466 1886 quam
488 1837 727 1885 majestatem
748 1837 902 1872 senatus
928 1835 999 1885 ipsi
1019 1848 1041 1872 a
1059 1835 1230 1885 patribus
1249 1847 1359 1872 acce-

214 1902 240 1920 “
260 1897 419 1948 pissent,
449 1909 562 1946 quam
583 1896 711 1933 liberis
731 1896 906 1933 tradituri
928 1897 1097 1933 essent.'’
1153 1895 1235 1933 Etsi
1263 1896 1358 1933 dice-

214 1957 302 1994 bant
329 1956 596 2007 praecesserit,
631 1964 735 1994 recte
756 1956 1003 1993 continuatur
1031 1957 1155 1996 oratio
1174 1969 1242 2007 per
1262 1957 1359 2005 s'ubj.

212 2018 547 2062 reminiscerentm‘,
576 2016 753 2066 quoniam
775 2017 951 2054 consules
971 2017 1055 2066 ipsi,
1075 2023 1249 2054 senatum
1269 2016 1361 2053 allo·

214 2086 390 2129 quentes‚
410 2078 654 2127 subjunctivo
672 2078 728 2115 uti
748 2077 956 2115 deberent:
998 2083 1023 2100 ‘⁶
1045 2077 1360 2122 Reminiscamini,

214 2146 239 2162 “
261 2152 373 2189 quam
401 2141 637 2188 majestatem
667 2141 824 2176 senatus
852 2140 921 2190 ipsi
942 2153 963 2177 a
983 2139 1152 2189 patribus
1181 2140 1360 2190 acceperi-

214 2207 240 2224 “
260 2201 351 2238 iis.'’
371 2203 439 2238 ἃς.
478 2199 564 2236 Pari
586 2199 733 2236 ratione
750 2200 797 2237 de
813 2200 887 2237 hoc
901 2200 1075 2238 Caesaris
1089 2201 1177 2237 loco
1192 2208 1361 2238 statuen-

213 2262 303 2298 dum
319 2261 480 2298 videtur.
514 2260 587 2297 His
603 2260 726 2298 verbis
742 2261 843 2298 enim
859 2261 1032 2298 homines
1049 2261 1249 2298 seditiosos
1264 2261 1361 2297 mul·

213 2320 415 2359 titudinem
432 2321 620 2359 allocutos
636 2334 720 2359 esse
741 2323 973 2360 censendum
991 2329 1050 2359 est
1067 2337 1075 2358 ε
1114 2327 1138 2345 “
1160 2321 1360 2359 Praestare
