1556 2683
280 209 359 247 192
572 206 646 244 DE
675 205 855 244 BELLO
884 205 1130 244 GALLICO

281 317 389 348 erant
408 310 525 361 pulsi3
552 311 775 348 adhortatus
803 310 852 347 ad
871 310 1038 346 laborem
1058 308 1210 353 milites,
1244 308 1412 346 Alesiam

281 370 568 409 circumvallare
587 370 764 408 instituit.

335 431 480 469 LXIX.
534 431 664 481 Ipsum
684 438 766 468 erat
786 430 966 480 oppidum
988 430 1024 466 in
1045 430 1141 467 colle
1161 442 1320 475 summo,
1351 429 1416 466 ad-

281 492 437 529 modum
453 492 557 529 edito
574 492 674 536 loco,
689 498 745 536 ut,
765 491 835 527 nisi
852 490 1063 536 obsidione,
1079 492 1291 541 expugnari
1306 503 1418 541 posse

282 566 360 590 non
390 552 592 590 videretur.
633 554 741 601 cujus
772 551 879 588 collis
912 551 1058 588 radices
1086 552 1162 589 duo
1192 552 1338 588 duabus
1371 563 1420 589 ex

281 614 452 664 partibus
471 614 628 650 flumina
642 613 884 650 subluebant.
930 613 1034 649 Ante
1051 613 1089 649 id
1104 613 1285 662 oppidum
1302 611 1420 662 plani-

282 674 354 711 ties
374 674 527 711 circiter
546 674 662 711 millia
680 686 860 723 passuum
881 685 932 708 111
952 672 990 708 in
1018 673 1296 722 longitudinem
1316 680 1422 722 pate-

282 735 369 772 bat:
401 734 556 785 reliquis
572 748 620 772 ex
637 735 811 772 omnibus
826 735 998 784 partibus
1015 733 1145 779 colles,
1165 733 1347 770 mediocri
1366 733 1424 769 in-

283 796 446 844 terjecto
465 795 602 846 spatio,
622 796 702 845 pari
721 794 933 831 altitudinis
953 794 1119 844 fastigio,
1141 794 1323 844 oppidum
1343 795 1422 831 cin-

283 857 438 906 gebant.
494 856 573 893 Sub
592 869 715 901 muro,
743 868 840 906 quae
859 868 946 905 pars
966 855 1073 892 collis
1093 855 1140 891 ad
1160 855 1346 892 orientem
1366 868 1425 892 so-

282 916 358 953 lem
378 916 591 965 spectabat,
623 916 726 952 hunc
755 928 907 952 omnem
926 915 1052 952 locum
1075 915 1207 965 copiae
1227 915 1425 952 Gallorum

286 977 595 1027 compleverant;
622 976 837 1026 fossamque
857 983 896 1013 et
924 976 1126 1013 maceriam
1162 988 1205 1012 v1
1233 976 1270 1012 in
1299 976 1426 1013 altitu-

286 1038 412 1075 dinem
434 1038 576 1088 pedum
601 1037 900 1087 praeduxerant.
955 1036 1048 1085 Ejus
1067 1036 1300 1082 munitionis,
1330 1050 1428 1087 quae

284 1099 331 1136 ab
350 1098 530 1136 Romanis
550 1099 831 1142 instituebatur,
852 1098 1035 1135 circuitus
1055 1109 1098 1133 XI
1118 1097 1276 1134 millium
1296 1110 1427 1147 passu-

286 1174 351 1198 um
366 1160 532 1198 tenebat.
571 1160 707 1197 Castra
721 1159 944 1209 opportunis
960 1158 1054 1195 locis
1075 1166 1183 1196 erant
1202 1159 1339 1208 posita,
1359 1159 1428 1196 ibi-

285 1234 359 1270 que
389 1220 545 1259 castella
563 1231 670 1256 xxlu
701 1219 825 1262 sacta;
854 1219 990 1269 quibus
1016 1219 1055 1255 in
1074 1219 1241 1256 castellis
1260 1219 1428 1257 interdiu

284 1281 468 1318 stationes
488 1280 802 1330 disponebantur,
822 1293 870 1317 ne
890 1293 965 1330 qua
980 1280 1106 1317 subito
1127 1280 1276 1330 eruptio
1296 1280 1429 1317 fieret:

285 1340 382 1377 haec
403 1340 536 1378 eadem
566 1345 685 1376 noctu
710 1339 1000 1377 excubitoribus
1032 1352 1078 1377 ac
1099 1340 1214 1377 firmis
1232 1340 1430 1391 praesidiis

287 1401 531 1438 tenebantur.

344 1461 468 1498 LXX.
524 1460 653 1512 Opere
683 1460 873 1507 instituto,
901 1461 945 1499 fit
972 1470 1149 1512 equestre
1178 1461 1365 1512 proelium
1393 1461 1432 1498 in

287 1536 334 1561 ea
351 1523 524 1573 planitie,
541 1535 668 1573 quam,
684 1522 937 1560 intermissam
953 1523 1128 1569 collibus,
1144 1534 1195 1559 111
1213 1522 1330 1559 millia
1347 1535 1433 1573 pas-

287 1597 396 1621 suum
418 1583 455 1619 in
475 1583 755 1633 longitudinem
774 1589 906 1633 patere
934 1595 1049 1633 supra
1077 1582 1432 1621 demonstravimus.

290 1644 448 1682 Summa
478 1643 514 1680 vi
548 1645 595 1681 ab
629 1643 798 1693 utrisque
838 1644 1096 1680 contenditur.
1150 1643 1433 1681 Laborantibus

289 1705 427 1743 nostris
457 1705 597 1742 Caesar
616 1703 829 1741 Germanos
849 1703 1051 1749 submittit,
1081 1703 1331 1753 legionesque
1363 1717 1433 1753 pro

291 1765 424 1803 castris
445 1764 658 1809 constituit,
691 1777 739 1800 ne
771 1776 846 1814 qua
871 1763 998 1800 subito
1018 1763 1179 1813 irruptio
1199 1763 1246 1800 ab
1266 1763 1435 1800 hostium

290 1825 465 1876 peditatu
484 1825 562 1862 fiat.
617 1824 812 1862 Praesidio
827 1823 1022 1873 legionum
1038 1824 1184 1870 addito,
1203 1824 1339 1861 nostris
1354 1825 1435 1861 ani-

290 1899 374 1923 mus
390 1894 571 1936 augetur:
590 1886 735 1930 hostes,
764 1885 801 1921 in
820 1884 951 1934 fugam
972 1885 1154 1934 conjecti,
1187 1897 1227 1922 se
1248 1885 1319 1935 ipsi
1339 1885 1436 1922 mul-

292 1947 459 1985 titudine
490 1947 715 1997 impediunt,
747 1954 861 1996 atque
880 1946 1163 1995 angustioribus
1183 1946 1303 1997 portIS
1323 1947 1435 1984 relic-

291 2008 341 2046 tis
374 2015 629 2046 coarctantur.
683 2007 832 2056 [Tum]
865 2005 1048 2043 Germani
1080 2006 1206 2043 acrius
1237 2019 1357 2056 usque
1387 2006 1437 2044 ad

293 2070 527 2107 munitiones
542 2076 765 2119 sequuntur.
820 2068 880 2104 Fit
898 2080 1037 2118 magna
1056 2068 1193 2105 caedes
1210 2082 1218 2104 :
1247 2068 1436 2113 nonnulli,

294 2130 438 2167 relictis
458 2130 578 2180 equis,
610 2129 748 2166 fossam
769 2128 929 2165 transire
949 2135 987 2164 et
1018 2127 1222 2165 maceriam
1241 2135 1437 2166 transcen*

293 2192 385 2228 dere
406 2198 606 2229 conantur.
661 2189 837 2226 Paullum
870 2189 1040 2238 legiones
1061 2188 1214 2236 Caesar,
1246 2201 1339 2239 quas
1367 2202 1437 2239 pro

293 2250 391 2288 vallo
419 2250 685 2296 constituerat,
701 2249 916 2300 promoveri
926 2249 1052 2297 jubet.
1106 2248 1195 2286 Non
1214 2249 1351 2294 minus,
1367 2249 1433 2300 qui

1543 2352 1556 2683 l
