1556 2683
231 288 307 323 246
546 285 621 322 DE
667 284 847 322 BELLO
894 286 1062 324 CIVILI

231 387 563 433 exaedificaverat,
593 388 641 424 ad
662 401 747 425 eum
767 388 883 438 legati
904 389 1077 433 veniunt;
1111 402 1284 440 quaeque
1303 391 1373 428 im-

231 449 421 498 peraverit
437 461 475 486 se
497 448 739 498 cupidissime
759 448 928 486 facturos
946 449 1186 498 pollicentur.
1226 450 1374 488 Milites

232 509 414 559 imperat:
447 510 616 546 mittunt.
676 509 831 546 Interea
850 508 951 558 legio
971 520 1033 545 x11
1055 509 1258 547 Caesarem
1279 524 1371 548 con-

230 570 415 620 sequitur.
452 571 549 607 Cum
566 570 623 605 his
644 581 676 605 11
698 569 885 606 Asculum
907 569 1091 607 Picenum
1107 572 1373 621 proficiscitur.

230 630 277 667 Id
297 631 478 681 oppidum
498 630 684 667 Lentulus
706 630 931 679 Spinther‘x
951 631 1172 669 cohortibus
1191 633 1374 670 tenebat:

231 692 310 742 qui,
339 691 513 729 Caesaris
542 691 710 728 adventu
741 691 911 740 cognite,
939 692 1109 742 prosugit
1137 706 1187 729 ex
1218 694 1374 744 oppido,

230 753 488 802 cohortesque
507 765 637 789 secum
657 751 849 788 abducere
869 759 1028 789 conatus
1055 765 1076 789 a
1108 766 1247 803 magna
1264 761 1374 804 parte

228 813 393 850 militum
422 813 622 849 deseritur.
677 812 850 849 Refictus
878 812 916 848 in
946 812 1082 850 itinere
1112 827 1200 851 cum
1228 814 1374 864 paucis,

230 873 366 910 incidit
395 873 432 909 in
453 873 663 910 Vibullium
696 873 855 918 Rufum,
883 873 1037 910 missum
1068 886 1091 911 a
1119 874 1302 924 Pompeio
1335 875 1374 912 in

229 947 363 984 agrum
396 934 582 971 Picenum
615 934 962 971 confirmandorum
990 934 1187 971 hominum
1220 947 1376 973 caussa:

231 1008 253 1032 a
273 1008 348 1045 quo
368 995 491 1032 factus
510 995 701 1032 Vibullius
721 994 874 1040 certior,
895 1007 993 1045 quae
1013 1007 1072 1031 res
1088 995 1125 1032 in
1146 994 1291 1032 Piceno
1310 1009 1378 1046 gee

229 1063 419 1101 rei-entur,
439 1055 579 1092 milites
598 1056 645 1092 ab
665 1068 711 1092 eo
731 1055 887 1105 accipit,
908 1056 1030 1106 ipsum
1050 1055 1218 1093 dimittit.
1273 1055 1373 1094 Item

231 1130 281 1153 ex
301 1117 470 1153 finitimis
496 1116 731 1166 regionibuS,
752 1129 844 1166 quas
863 1123 1005 1166 potest,
1025 1116 1217 1153 contrahit
1237 1116 1374 1154 cohor-

231 1185 288 1215 tes
304 1191 352 1215 ex
368 1177 569 1214 dilectibus
590 1177 856 1227 Pompeianis:
884 1177 921 1213 in
942 1177 986 1213 iis
1002 1177 1205 1214 Camerino
1224 1177 1376 1227 fugien-

230 1246 308 1275 tem
331 1238 510 1275 Ulcillem
531 1237 702 1282 Hirrum,
723 1251 810 1274 cum
831 1249 874 1273 V1
897 1237 1132 1282 cohortibus,
1153 1250 1245 1287 quas
1266 1238 1318 1274 ibi
1339 1239 1377 1275 in

231 1298 422 1349 praesidio
441 1299 640 1343 habuerat,
661 1298 830 1348 excipit:
859 1298 996 1348 quibus
1016 1298 1174 1344 coactis,
1199 1311 1279 1336 XIII
1301 1299 1378 1337 effi-

231 1360 296 1397 cit.
351 1360 448 1396 Cum
468 1359 510 1395 iis
530 1359 578 1395 ad
605 1358 821 1395 Domitium
844 1359 1143 1396 Ahenobarbum
1165 1360 1376 1397 Corfinium

231 1419 378 1469 magnis
399 1419 598 1456 itineribus
618 1419 813 1469 pervenit3
834 1419 1115 1469 Caesaremque
1134 1420 1266 1457 adesse
1287 1433 1376 1458 cum

230 1480 444 1529 legionibus
476 1492 510 1516 11
543 1480 712 1517 nunciat.
766 1479 960 1516 Domitius
988 1492 1056 1529 per
1075 1492 1115 1516 se
1144 1479 1296 1518 circiter
1323 1493 1379 1518 xx
1421 1490 1426 1496 ‘

230 1541 410 1578 cohortes
439 1541 554 1585 Alba,
583 1554 632 1578 ex
652 1540 792 1578 Marsis
812 1547 850 1577 et
870 1539 1053 1589 Pelignis,
1081 1547 1120 1577 et
1139 1540 1308 1578 finitimis
1327 1542 1375 1579 ab

230 1601 467 1650 regionibus,
489 1603 685 1651 coegerat.

283 1662 390 1698 XVI.
446 1662 622 1712 Recepto
644 1662 803 1707 Asculo,
823 1662 1060 1712 expulsoque
1079 1661 1261 1709 Lentulo,
1282 1663 1377 1700 Cae-

231 1735 292 1759 sar
311 1723 485 1772 conquiri
505 1723 658 1767 milites,
680 1722 743 1772 qui
759 1723 805 1759 ab
826 1735 872 1759 eo
888 1722 1154 1767 discesserant,
1174 1722 1376 1759 dilectum-

231 1796 305 1833 que
326 1783 486 1828 institui,
513 1784 649 1832 jubet:
679 1782 773 1832 ipse,
795 1796 912 1819 unum
934 1782 1035 1818 diem
1055 1782 1106 1818 ibi
1126 1782 1180 1818 rei
1206 1782 1377 1819 frumen-

231 1843 350 1880 tariae
367 1857 500 1880 caussa
516 1851 698 1888 moratus,
719 1843 929 1880 Corfinium
943 1842 1155 1880 contendit.
1185 1842 1243 1880 Eo
1259 1857 1375 1894 quum

233 1904 414 1949 venisset,
443 1904 621 1941 cohortes
643 1915 684 1948 v,
713 1902 940 1952 praemissae
959 1915 982 1939 a
1000 1902 1173 1940 Domitio
1193 1916 1242 1940 ex
1270 1904 1378 1954 oppi-

232 1965 295 2008 do,
316 1971 471 2013 pontem
491 1963 657 1999 fluminis
686 1963 1028 2013 interrumpebant,
1058 1963 1122 2012 qui
1142 1972 1223 2000 erat
1243 1965 1289 2000 ab
1309 1977 1377 2014 op-

229 2025 321 2076 pido
341 2024 458 2060 millia
491 2036 667 2074 passuum
696 2023 850 2060 circiter
880 2038 942 2060 111.
996 2023 1054 2059 Ibi
1083 2036 1169 2060 cum
1198 2031 1377 2061 antecur-

229 2087 376 2124 soribus
396 2085 569 2123 Caesaris
589 2084 735 2134 proelio
755 2084 971 2129 commissm
992 2084 1168 2122 celeriter
1187 2085 1377 2122 Domitia-

229 2148 268 2184 ni
288 2160 309 2183 a
336 2155 454 2196 ponte
483 2146 624 2196 repulsi
643 2158 683 2182 se
704 2146 741 2182 in
770 2145 952 2195 oppidum
981 2153 1223 2194 receperunt.
1278 2145 1376 2183 Cae-

231 2221 305 2253 sar,
325 2207 540 2257 legionibus
555 2206 803 2251 transductis,
823 2206 871 2243 ad
886 2205 1067 2256 oppidum
1084 2206 1269 2252 constitit,
1285 2207 1376 2255 jux-

233 2277 347 2318 taque
377 2282 526 2305 murum
556 2275 681 2305 castra
705 2267 844 2317 posuit.

282 2329 410 2366 XVII.
465 2329 524 2367 Re
557 2328 727 2380 cognita,
764 2327 958 2366 Domitius
995 2328 1043 2366 ad
1076 2327 1302 2378 Pompeium
1335 2328 1373 2365 in
