1556 2683
214 299 292 334 250
535 294 610 333 DE
648 294 827 332 BELLO
868 293 1037 332 CIVlLI

212 397 332 435 Facta
361 404 566 448 potestate,
603 411 653 435 ex
682 394 824 448 oppido
853 397 1032 441 mittitur,
1073 408 1200 447 neque
1239 397 1286 434 ab
1317 410 1365 435 eo

211 459 316 509 prius
336 459 550 497 Domitiani
570 458 709 496 milites
728 458 945 504 discedunt,
976 470 1088 507 quam
1118 457 1156 493 in
1178 470 1363 508 conspec-

212 528 294 556 tum
315 519 489 558 Caesaris
509 519 734 557 deducatur.
791 519 890 556 Cum
909 530 956 555 eo
975 517 1023 554 de
1043 517 1167 555 salute
1183 530 1251 554 sua
1263 526 1362 563 orat,

213 589 328 632 atque
344 582 534 625 obsecrat,
554 579 624 616 sibi
643 586 685 616 ut
703 585 860 629 parcat;
887 585 1136 628 veteremque
1155 578 1362 616 amicitiam

214 648 514 683 commemorat;
556 639 807 690 Caesarisque
836 638 875 676 in
901 651 942 675 se
969 638 1159 676 beneficia
1188 639 1364 689 exponit,

213 716 311 753 quae
327 710 436 740 erant
450 701 639 738 maxima:
666 701 769 751 quod
787 713 856 751 per
875 713 963 737 eum
983 699 1022 736 in
1042 699 1248 750 collegium
1268 713 1366 750 pon-

213 764 359 801 tificum
377 769 554 806 venerat3
574 761 676 812 quod
692 760 927 812 provinciam
944 760 1171 811 Hispaniam
1188 774 1237 798 ex
1253 773 1365 811 prae-

213 832 300 861 tura
318 824 524 866 habueram
543 821 646 872 quod
662 821 699 858 in
713 820 898 872 petitione
918 820 1140 858 consulatus
1160 820 1206 857 ab
1222 833 1269 857 eo
1284 827 1367 857 erat

213 885 446 922 sublevatus.
501 884 623 933 Cujus
648 882 862 920 orationem
894 882 1035 919 Caesar
1054 880 1295 931 interpellat:
1325 893 1365 917 se

213 959 291 983 non
319 944 496 983 maleficii
523 955 657 981 caussa
682 956 731 981 ex
752 942 951 993 provincia
979 954 1190 992 egressum,
1223 941 1291 978 sed
1311 941 1368 978 uti

216 1020 256 1044 se
275 1020 298 1044 a
317 1005 561 1044 contumeliis
582 1003 826 1041 inimicorum
845 1002 1072 1041 defenderet
1091 1017 1101 1046 ;
1128 1007 1172 1038 ut
1191 1001 1365 1039 tribunos

215 1067 351 1118 plebis,
371 1080 417 1105 ea
435 1080 475 1104 re
495 1079 544 1104 ex
560 1065 715 1103 civitate
736 1064 932 1115 expulsos,
952 1063 991 1100 in
1010 1075 1117 1101 suam
1138 1061 1368 1112 dignitatem

216 1128 460 1171 restitueret3
494 1135 537 1164 ut
556 1139 610 1172 se,
631 1133 670 1163 et
689 1125 875 1175 populum
896 1124 1129 1169 Romanum,
1156 1136 1368 1174 paucorum

215 1189 384 1226 factione
404 1200 643 1239 oppressum,
666 1186 705 1222 in
730 1186 947 1224 libertatem
967 1184 1193 1223 vindicaret.
1248 1185 1368 1235 Cujus

216 1249 391 1286 oratione
407 1249 668 1292 confirm-atim,
688 1246 892 1292 Lentulus,
913 1246 968 1284 uti
984 1246 1023 1283 in
1040 1245 1223 1297 oppidum
1244 1258 1370 1283 rever-

217 1309 247 1346 ti
265 1309 394 1354 liceat,
414 1308 512 1358 petit
529 1322 538 1344 :
573 1307 676 1357 quod
695 1307 743 1344 de
762 1318 831 1344 sua
849 1307 972 1344 salute
991 1306 1269 1357 impetraverit,
1288 1305 1370 1344 fore

217 1370 334 1407 etiam
353 1369 509 1419 reliquis
530 1368 578 1405 ad
608 1380 713 1405 suam
742 1380 850 1417 spem
869 1366 1005 1404 solatio
1023 1381 1032 1404 ι
1065 1367 1163 1404 adeo
1182 1379 1265 1404 esse
1285 1379 1371 1417 per-

218 1431 372 1468 territos
391 1429 609 1474 nonnullos,
643 1436 684 1465 ut
704 1441 795 1465 suae
815 1428 915 1465 vitae
935 1428 1066 1465 durius
1087 1428 1288 1466 consulere
1307 1442 1371 1467 co-

220 1496 376 1540 gantur.
431 1489 550 1526 Facta
568 1494 775 1539 potestate,
807 1488 985 1526 discedit.

272 1550 423 1587 XXIII.
478 1550 633 1594 Caesar,
650 1549 714 1586 ubi
728 1548 870 1595 illuxit,
886 1561 1018 1586 omnes
1031 1556 1247 1596 senatores,
1263 1563 1372 1588 sena-

222 1620 429 1662 torumque
461 1610 616 1655 liberos,
641 1610 815 1647 tribunos
835 1610 1011 1656 militum,
1043 1611 1272 1661 equitesque
1294 1611 1374 1649 Ro-

219 1684 368 1717 manOS,
389 1671 489 1708 adse
505 1670 667 1721 produci
681 1671 806 1720 jubet.
835 1670 955 1708 Erant
970 1671 1151 1708 senatorii
1169 1671 1311 1708 ordinis
1325 1672 1372 1709 L.

219 1732 431 1777 Domitius,
454 1731 496 1767 Ρ.
517 1731 706 1768 Lentulus
727 1731 923 1781 Spinther,
957 1731 1003 1768 L.
1024 1731 1215 1769 Vibullius
1236 1732 1375 1780 Rufus,

222 1794 314 1831 Sex.
333 1792 567 1836 Quinctilius
582 1791 704 1829 Varus
724 1799 918 1843 quaestor,
930 1792 978 1829 L.
996 1792 1185 1836 Rubrius3
1203 1800 1375 1843 praeter-

221 1867 267 1892 ea
291 1854 390 1891 filius
409 1852 588 1897 Domitii,
620 1853 760 1903 aliique
792 1853 1008 1903 complures
1036 1853 1316 1898 adolescentes,
1337 1862 1376 1892 et

221 1927 385 1964 magnus
415 1926 597 1951 numerus
625 1914 797 1964 equitum
827 1914 1102 1960 Romanorum,
1132 1922 1170 1951 et
1199 1914 1374 1951 decurio-

222 1989 328 2021 num,
362 1988 456 2026 quos
477 1988 525 2011 ex
546 1975 762 2025 municipiis
783 1975 978 2012 Domitius
1003 1983 1241 2013 evocaverat.
1290 1976 1374 2012 Hos

223 2049 356 2075 omnes
370 2036 580 2087 productos
599 2048 621 2072 a
641 2035 884 2073 contumeliis
903 2035 1082 2081 militum,
1099 2036 1374 2086 conviciisque,

226 2098 430 2150 prohibet:
469 2109 591 2146 pauca
610 2096 713 2146 apud
733 2109 798 2133 eos
816 2096 1001 2146 loquitur,
1031 2096 1133 2146 quod
1155 2096 1224 2133 sibi
1245 2110 1267 2133 a
1286 2110 1372 2146 par-

223 2168 262 2197 te
284 2172 416 2196 eorum
436 2157 560 2207 gratia
573 2157 692 2194 relata
710 2169 787 2193 non
808 2157 856 2194 sit
875 2171 945 2207 pro
965 2157 1041 2194 suis
1057 2157 1095 2193 in
1115 2171 1179 2194 eos
1200 2158 1375 2196 maxi-mis

221 2218 432 2256 beneficiis.
490 2217 664 2254 Dimittit
695 2230 827 2254 omnes
860 2217 1084 2255 incolumes.
1143 2218 1371 2255 Sestertium

224 2279 415 2329 sexagies,
445 2278 547 2329 quod
572 2278 781 2315 advexerat
810 2278 1019 2324 Domitius,
1048 2287 1164 2329 atque
1194 2278 1230 2314 in
1252 2279 1375 2328 publi-

225 2354 312 2379 cum
329 2340 572 2391 deposuerat,
605 2339 762 2377 allatum
781 2339 829 2377 ad
849 2352 889 2377 se
908 2339 955 2377 ab
985 2339 1193 2377 duumviris
1214 2339 1376 2377 Corfini-
