1556 2683
550 289 724 326 LIBER
779 289 888 326 V111.
1225 293 1300 329 235

160 390 334 440 Togatae
353 390 551 440 praefecit,
584 405 660 443 quo
679 394 822 442 majore
842 391 1176 429 commendatione
1209 404 1302 429 con-

161 451 356 488 ciliaretur
375 451 422 488 ad
443 453 663 490 consulatus
678 452 914 503 petitionem.
968 451 1055 502 Ipse
1071 458 1221 488 tantum
1242 451 1302 488 iti-

159 523 294 548 nerum
326 511 507 556 faciebat,
538 520 721 562 quantum
755 513 846 550 satis
873 525 956 550 esse
975 513 1024 549 ad
1052 512 1303 549 mutationem

159 571 330 608 locorum
350 580 508 622 propter
522 574 786 611 salubritatem
802 573 1057 611 existimabat.
1111 572 1169 608 Ibi
1185 584 1305 622 quan-

160 644 274 681 quam
295 632 430 669 crebro
445 632 638 678 audiebat,
660 633 872 670 Labienum
892 634 939 670 ab
955 632 1118 669 inimicis
1138 632 1215 668 suis
1230 631 1305 668 sol-

159 690 296 728 licitari
314 707 324 734 ;
352 692 570 742 certiorque
591 692 721 738 fiebat,
750 693 788 729 id
807 693 870 743 agi
890 706 1099 743 paucorum
1120 692 1302 737 consiliis,

160 757 216 796 ut,
246 751 470 802 interposita
487 760 643 790 senatus
662 753 905 798 auctoritate,
925 754 1051 804 aliqua
1070 761 1178 804 parte
1193 766 1304 790 exer-

161 811 261 849 citus
279 811 529 861 spoliaretur;
558 819 686 850 tamen
718 826 844 863 neque
864 814 912 850 de
941 813 1113 851 Labieno
1142 813 1306 851 credidit

162 871 384 922 quidquam,
398 884 538 922 neque,
559 879 694 910 contra
713 881 866 910 senatus
886 875 1157 912 auctoritatem
1177 881 1219 910 ut
1239 873 1306 911 ali-

160 931 253 981 quid
271 931 429 976 faceret,
461 933 587 982 potuit
613 933 765 970 adduci.
787 934 988 982 judicabat
1018 935 1133 980 enim,
1178 934 1307 971 liberis

159 991 362 1028 sententiis
399 991 556 1028 Patrum
577 993 880 1044 conscriptorum
898 1007 1068 1032 caussam
1088 1007 1193 1032 suam
1213 994 1307 1031 faci-

161 1051 198 1089 le
229 1051 406 1089 obtineri.
462 1052 561 1090 Nam
595 1053 640 1091 C.
660 1054 793 1099 Curio,
826 1054 1000 1092 tribunus
1019 1055 1153 1106 plebis,
1187 1068 1307 1106 quum

163 1111 337 1150 Caesaris
354 1125 524 1150 caussam
554 1114 859 1165 dignitatemque
878 1116 1158 1153 defendendam
1177 1129 1308 1154 susce-

162 1173 296 1223 pisset,
326 1186 440 1224 saepe
473 1182 556 1211 erat
583 1175 733 1211 senatui
760 1175 968 1224 pollicitus,
998 1176 1028 1212 si
1061 1189 1173 1226 quem
1194 1176 1308 1214 timor

163 1247 354 1272 armorum
370 1235 546 1272 Caesaris
565 1235 751 1281 laederet,
784 1244 823 1272 et
842 1236 1023 1286 quoniam
1046 1236 1221 1286 Pompeii
1242 1237 1309 1274 do-

163 1294 321 1332 minatio
341 1302 455 1345 atque
483 1307 588 1332 arma
606 1308 684 1332 non
711 1295 909 1332 minimum
928 1303 1115 1332 terrorem
1136 1297 1219 1333 foro
1252 1296 1311 1332 in·

161 1354 322 1400 ferrent,
351 1354 566 1392 discederet
599 1362 760 1406 uterque
794 1355 841 1392 ab
875 1355 1002 1400 armis,
1036 1356 1310 1406 exercitusque

165 1415 400 1453 dimitteret:
427 1416 508 1452 fore
528 1428 575 1453 eo
605 1415 709 1453 facto
727 1415 886 1453 liberam
906 1424 945 1453 et
977 1415 1035 1452 sui
1063 1416 1159 1466 juris
1179 1416 1312 1454 civita-

165 1483 257 1514 tem.
299 1476 437 1527 Neque
457 1476 531 1514 hoc
547 1484 695 1514 tantum
710 1476 905 1527 pollicitus
921 1484 980 1514 est
997 1492 1006 1520 ;
1026 1477 1093 1514 sed
1112 1476 1226 1514 etiam
1242 1490 1312 1527 per

166 1550 207 1575 se
227 1537 498 1574 discessionem
520 1537 646 1574 facere
678 1537 831 1588 coepit:
863 1537 966 1587 quod
986 1550 1032 1574 ne
1062 1537 1185 1583 fieret,
1218 1550 1311 1575 con-

167 1597 269 1635 sules
297 1598 486 1648 amicique
529 1597 704 1648 Pompeii
731 1599 956 1647 jusserunt3
987 1604 1116 1647 atque,
1146 1597 1201 1634 ita
1231 1611 1312 1635 rem

167 1659 417 1705 moderando,
438 1659 709 1696 discesserunt.

207 1719 318 1757 LIII.
373 1719 560 1769 Magnum
582 1719 656 1756 hoc
672 1718 933 1757 testimonium
954 1725 1108 1756 senatus
1128 1725 1211 1756 erat
1230 1719 1314 1757 uni-

167 1780 282 1826 versi,
315 1780 625 1830 conveniensque
654 1780 839 1830 superiori
869 1779 996 1817 facto:
1038 1793 1126 1817 nam
1145 1780 1315 1818 Marcel-

169 1842 228 1879 lus
247 1842 424 1892 proximo
443 1854 558 1888 anno,
585 1855 702 1892 quum
723 1842 966 1891 impugnaret
999 1841 1172 1878 Caesaris
1192 1841 1316 1891 digni-

172 1909 304 1946 tatem,
326 1910 461 1940 contra
484 1902 610 1952 legem
631 1901 804 1952 Pompeii
823 1910 862 1939 et
882 1902 1008 1939 Crassi
1028 1902 1212 1940 retulerat
1227 1909 1316 1939 ante

170 1971 322 2014 tempus
341 1964 390 2000 ad
408 1970 583 2000 senatum
602 1963 650 2000 de
665 1963 838 2001 Caesaris
852 1963 1056 2013 provinciis
1071 1980 1080 2006 ;
1099 1963 1319 2001 sententiis-

172 2037 247 2074 que
276 2024 404 2068 dictis,
435 2023 706 2061 discessionem
725 2025 893 2061 faciente
927 2024 1130 2070 Marcello,
1162 2024 1226 2074 qui
1247 2024 1319 2061 sibi

173 2097 326 2121 omnem
346 2084 573 2134 dignitatem
594 2097 643 2121 ex
663 2085 838 2122 Caesaris
854 2084 995 2121 invidia
1014 2086 1239 2134 quaerebat,
1260 2097 1319 2121 se-

172 2151 285 2181 natus
315 2144 498 2195 frequens
518 2144 555 2180 in
576 2144 650 2182 alia
680 2145 808 2182 omnia
840 2146 1000 2183 transiit.
1065 2145 1214 2187 Quibus
1242 2159 1319 2183 non

174 2204 450 2255 frangebantur
480 2205 594 2242 animi
614 2205 855 2243 inimicorum
875 2206 1064 2253 Caesaris,
1099 2206 1166 2243 sed
1185 2207 1316 2244 admo-

171 2265 379 2312 nebantur,
411 2279 486 2316 quo
506 2269 669 2317 majores
689 2274 868 2317 pararent
888 2268 1206 2315 necessitudines,
1235 2268 1320 2319 qui-
