1556 2683
293 247 365 282 180
581 244 656 281 DE
685 244 863 281 BELLO
893 245 1137 284 GALLICO

286 353 363 384 tres
382 359 469 384 suos
489 354 623 384 nactus
643 348 913 398 manipulares,
932 355 1046 398 atque
1065 349 1112 385 ab
1132 348 1176 385 iis
1195 348 1436 393 sublevatus,

288 420 438 445 murum
454 408 675 445 adscendit:
699 422 764 445 eos
779 409 859 459 ipse
872 422 1001 446 rursus
1016 409 1184 459 singulos
1205 415 1429 459 exceptans,

287 466 326 504 in
345 481 495 505 murum
516 468 668 505 extulit.

339 529 525 565 XLVIII.
579 529 736 566 Interim
758 530 796 574 ii,
826 530 889 580 qui
909 530 957 567 ad
976 530 1132 568 alteram
1152 537 1301 580 partem
1321 529 1431 580 oppi-

288 589 340 635 di,
361 597 402 627 ut
421 602 534 640 supra
561 590 917 636 demonstravimus,
946 590 1166 628 munitionis
1186 603 1320 628 caussa
1340 604 1431 628 con-

286 658 484 696 venerant,
505 650 626 701 primo
647 651 829 688 exaudito
850 652 1029 697 clamore,
1049 652 1137 688 inde
1154 651 1268 688 etiam
1286 651 1431 689 crebris

286 712 438 750 nunciis
457 712 620 758 incitati,
651 711 835 762 oppidum
863 713 910 749 ab
941 712 1123 749 Romanis
1153 712 1291 757 teneri,
1323 725 1433 762 prae-

285 774 409 812 missis
441 773 647 824 equitibuS,
679 786 819 823 magno
848 786 1038 811 concursu
1068 786 1115 810 eo
1135 774 1434 810 contenderunt.

286 834 432 872 Eorum
453 843 494 872 ut
514 835 674 885 quisque
694 835 838 885 primus
858 842 1030 881 venerat,
1061 836 1131 872 sub
1151 848 1261 872 muro
1290 834 1434 872 consis-

285 897 407 943 tebat,
444 909 677 946 suorumque
712 895 965 946 pugnantium
998 909 1201 934 numerum
1246 897 1432 946 augebat:

286 970 450 1008 quorum
470 971 587 1008 quum
607 970 747 1007 magna
764 957 971 994 multitudo
992 956 1249 1002 convenisset,
1275 963 1433 994 matres-

284 1018 466 1065 familiae,
499 1030 596 1069 quae
625 1018 752 1068 paullo
773 1025 862 1055 ante
897 1017 1080 1054 Romanis
1100 1018 1149 1054 de
1168 1031 1278 1054 muro
1298 1030 1433 1055 manus

284 1080 512 1125 tendebant,
546 1091 635 1116 suos
664 1079 862 1124 obtestari,
893 1085 933 1115 et
959 1091 1065 1116 more
1096 1078 1248 1115 Gallico
1280 1091 1435 1128 passum

284 1141 464 1191 capillum
485 1147 692 1186 ostentare,
719 1140 937 1190 liberosque
958 1139 996 1176 in
1016 1147 1266 1190 conspectum
1287 1139 1434 1190 profer-

284 1215 342 1248 re,
362 1210 585 1253 coeperunt.
630 1201 723 1238 Erat
744 1200 928 1238 Romanis
948 1214 1020 1238 nec
1040 1200 1142 1245 loco,
1163 1212 1236 1237 nec
1257 1213 1434 1247 numero,

285 1276 409 1314 aequa
439 1263 661 1300 contentio:
700 1263 825 1308 simul,
856 1269 895 1299 et
914 1275 1029 1299 cursu
1062 1269 1101 1298 et
1128 1261 1251 1311 spatio
1282 1274 1437 1310 pugnae

286 1324 502 1375 defatigati,
522 1337 598 1360 non
618 1323 731 1361 facile
751 1330 928 1360 recentes
948 1330 1064 1374 atque
1084 1322 1256 1372 integros
1271 1321 1435 1359 sustine-

285 1386 392 1423 bant.

339 1446 484 1483 XLIX.
540 1447 695 1492 Caesar,
727 1460 842 1497 quum
873 1446 1003 1497 iniquo
1022 1446 1110 1484 loco
1136 1446 1313 1496 pugnari,
1347 1446 1437 1484 hos·

284 1509 460 1559 tiumque
480 1508 613 1558 augeri
632 1507 761 1558 copias
790 1508 952 1554 videret,
980 1515 1251 1558 praemetuens
1271 1507 1361 1553 suis,
1387 1508 1437 1545 ad

287 1570 334 1607 T.
357 1569 532 1607 Sextium
553 1569 738 1619 legatum,
770 1581 882 1618 quem
904 1568 1114 1605 minoribus
1141 1568 1275 1605 castris
1294 1569 1437 1618 praesi-

286 1631 351 1668 dio
367 1631 586 1682 reliquerat,
607 1631 739 1676 mittit,
759 1637 802 1666 ut
822 1630 1001 1667 cohortes
1022 1643 1070 1667 ex
1091 1630 1225 1667 castris
1254 1630 1434 1667 celeriter

286 1692 486 1738 educeret,
517 1700 556 1729 et
577 1692 645 1728 sub
666 1691 796 1728 infimo
817 1691 915 1728 colle
935 1691 982 1728 ab
1011 1691 1175 1728 dextero
1194 1691 1313 1728 latere
1343 1691 1432 1728 hos-

285 1754 381 1791 tium
402 1754 672 1794 constituerem
701 1760 756 1798 ut,
776 1753 806 1789 si
826 1759 975 1789 nostros
1003 1753 1090 1790 loco
1110 1753 1290 1803 depulsos
1321 1753 1436 1789 vidis-

285 1822 358 1860 set,
390 1828 465 1864 quo
485 1815 609 1851 minus
629 1813 748 1851 libere
769 1813 899 1850 hostes
920 1813 1228 1864 insequerentur,
1258 1821 1436 1851 terreret.

284 1876 389 1927 Ipse,
422 1876 591 1926 paullum
626 1888 674 1911 cx
702 1888 748 1912 eo
778 1875 864 1912 loco
894 1888 981 1912 cuin
1011 1875 1163 1925 legione
1196 1888 1436 1925 progressus,

285 1938 351 1975 ubi
372 1937 611 1982 constiterat,
641 1943 821 1973 eventum
841 1949 994 1986 pugnae
1014 1937 1280 1987 exspectabat.

338 1999 384 2035 L.
435 1999 561 2040 Quum
582 1997 768 2035 acerrime
789 1997 1003 2034 comminus
1023 2004 1274 2047 pugnaretur,
1305 1999 1435 2036 hostes

285 2060 374 2097 loco
391 2068 427 2096 ct
450 2072 623 2104 numero,
640 2059 758 2095 nostri
779 2058 918 2095 virtute
940 2058 1192 2105 confiderent,
1208 2059 1333 2095 subito
1347 2067 1436 2096 sunt

288 2120 415 2156 Aedui
437 2119 505 2156 visi
532 2120 578 2155 ab
599 2119 718 2156 latere
746 2119 885 2156 nostris
914 2127 1061 2169 aperto,
1097 2132 1192 2169 quos
1221 2120 1362 2156 Caesar
1387 2121 1437 2156 ab

285 2182 424 2218 dextra
443 2190 551 2231 parte
571 2180 644 2217 alio
661 2181 862 2225 adscensu,
882 2193 1015 2217 manus
1032 2180 1271 2218 distinendae
1287 2194 1435 2226 caussa,

285 2243 454 2278 miserat.
510 2241 564 2278 Hi
585 2241 831 2278 similitudine
860 2254 1051 2278 armorum
1081 2242 1329 2279 vehementer
1348 2255 1436 2279 nos—

288 2311 365 2343 tros
385 2310 696 2353 perterruerunt:
732 2315 792 2349 ac,
822 2302 975 2340 tametsi
1003 2302 1149 2349 dextris
1169 2303 1336 2340 humeris
1365 2315 1433 2340 cx·-
