1556 2683
231 285 282 321 ι,28
538 282 612 320 DE
652 282 830 320 BELLO
871 281 1113 320 GALLICO

232 385 431 423 cohortem
467 385 648 423 futuram.
703 385 808 422 Huic
826 385 969 435 legioni
990 385 1130 422 Caesar
1149 390 1187 420 et
1206 383 1372 421 indulso-2

231 453 290 484 rat
304 447 527 497 praecipue,
541 455 579 484 et
591 454 749 497 propter
763 447 945 483 virtutem
962 445 1178 483 confidebat
1193 445 1374 482 maxime.

283 507 389 544 XLI.
443 507 530 544 Hac
546 507 720 544 oratione
736 507 879 551 habita,
898 506 1036 542 mirum
1053 506 1089 542 in
1110 505 1266 542 modum
1281 518 1374 541 con-

228 580 360 605 versae
379 575 467 604 sunt
487 568 655 604 omnium
675 574 835 612 mentes,
868 579 1090 617 summaque
1109 565 1300 610 alacritas,
1327 573 1367 602 et

229 628 416 679 cupiditas
429 628 520 665 belli
535 628 694 678 gerendi
710 628 839 665 innata
851 635 925 665 est:
947 629 1204 679 princepsque
1220 627 1372 665 decima

226 690 331 740 legio
345 702 413 740 per
432 690 603 726 tribunos
624 689 785 726 militum
806 690 839 726 ei
859 689 1001 739 gratias
1019 690 1114 740 egit,
1134 689 1239 740 quod
1265 688 1312 725 de
1333 701 1374 725 se

229 751 416 801 optimum
432 750 619 800 judicium
639 750 817 794 fecisset3
836 763 953 801 seque
973 763 1056 788 esse
1075 751 1124 788 ad
1142 751 1284 788 bellum
1304 763 1370 799 ge-

226 812 389 848 rendum
417 812 692 862 paratissimam
713 812 965 855 confirmavit.
1019 811 1173 848 Deinde
1203 811 1372 861 reliquae

227 873 399 922 legiones
419 885 487 923 per
505 873 678 910 tribunos
697 873 874 918 militum,
896 880 935 910 et
964 873 1173 923 primorum
1195 872 1371 909 ordinum

227 935 488 980 centuriones,
525 942 701 985 egerunt,
740 934 795 971 uti
829 934 983 972 Caesari
1004 933 1292 970 satisfacerent:
1331 945 1372 969 se

226 1009 354 1047 neque
375 1008 541 1046 unquam
563 995 772 1040 dubitasse,
806 1007 932 1045 neque
966 994 1150 1039 timuisse,
1178 1006 1304 1043 neque
1323 993 1372 1029 de

226 1069 373 1094 summa
384 1057 473 1094 belli
486 1069 594 1093 suum
607 1057 809 1106 judicium,
824 1056 893 1093 sed
905 1055 1157 1105 imperatoris,
1174 1067 1257 1092 esse
1271 1054 1372 1091 exis-

225 1117 432 1156 timavisse.
488 1117 631 1155 Eorum
665 1117 925 1155 satisfactione
953 1123 1128 1166 accepta,
1161 1122 1201 1152 et
1233 1115 1370 1152 itinere

224 1180 420 1229 exquisito
440 1191 509 1229 per
528 1178 778 1223 Divitiacum,
812 1177 914 1227 quod
932 1190 983 1214 ex
1002 1177 1084 1214 aliis
1103 1177 1137 1214 ei
1168 1176 1371 1213 maximam

222 1240 338 1277 fidem
358 1240 538 1284 habebat,
558 1248 613 1284 ut,
634 1239 792 1276 millium
812 1239 973 1289 amplius
993 1238 1272 1288 quinquaginta
1291 1237 1366 1274 cir-

222 1302 345 1346 cuitu,
370 1301 464 1338 locis
484 1300 624 1351 apertis
644 1300 855 1337 exercitum
877 1299 1051 1344 duceret,
1085 1299 1132 1335 de
1153 1305 1290 1348 quarta
1315 1298 1370 1334 vi-

222 1361 327 1411 gilia,
348 1369 390 1398 ut
409 1361 573 1405 dixerat,
606 1360 802 1410 profectus
821 1367 891 1398 est.
949 1359 1120 1410 Septimo
1141 1359 1216 1405 die,
1252 1371 1369 1409 quum

222 1421 299 1458 iter
317 1435 393 1458 non
419 1421 705 1466 intermitteret,
735 1421 782 1458 ab
803 1421 1111 1471 exploratoribus
1131 1420 1272 1457 certior
1289 1419 1369 1457 fac·

223 1489 286 1519 tus
305 1489 376 1528 est,
399 1482 581 1519 Ariovisti
597 1481 726 1532 copias
746 1495 769 1519 a
782 1481 921 1519 nostris
937 1481 1101 1518 millibus
1119 1493 1300 1532 passuum
1321 1492 1381 1521 n(v

221 1551 264 1581 et
282 1555 336 1580 xx
354 1544 499 1580 abesse.

275 1604 402 1642 XLII.
456 1605 625 1655 Cognito
640 1604 813 1642 Caesaris
828 1605 1010 1649 adventu,
1033 1604 1246 1641 Ariovistus
1262 1604 1368 1655 lega-

221 1674 282 1705 tos
302 1668 350 1704 ad
370 1680 456 1704 eum
475 1666 613 1703 mittit:
647 1666 750 1716 quod
769 1673 882 1703 antea
897 1666 945 1703 de
966 1665 1158 1716 colloquio
1177 1666 1367 1715 postulas-

221 1736 294 1774 set,
327 1728 366 1764 id
386 1740 453 1777 per
472 1739 511 1764 se
529 1726 612 1763 fieri
631 1727 762 1772 licere,
795 1727 974 1777 quoniam
994 1727 1152 1777 propius
1184 1727 1367 1765 accessis-

224 1795 308 1831 set3
345 1800 463 1838 seque
483 1787 520 1823 id
541 1788 623 1825 sine
642 1787 813 1838 periculo
832 1786 961 1825 facere
990 1799 1101 1838 posse
1133 1786 1367 1825 existimare.

221 1849 311 1887 Non
332 1848 478 1899 respuit
497 1848 757 1885 conditionem
779 1849 940 1886 Caesar:
955 1850 1112 1899 jamque
1132 1861 1219 1885 eum
1235 1849 1285 1886 ad
1304 1862 1364 1887 sa-

219 1912 381 1949 nitatem
410 1909 548 1947 reverti
577 1909 847 1958 arbitrabatur,
886 1923 1002 1960 quum
1035 1910 1086 1956 id,
1124 1909 1227 1960 quod
1244 1919 1361 1947 antea

218 1972 368 2024 petenti
398 1971 641 2020 denegasset,
680 1971 778 2008 ultro
803 1971 1072 2021 polliceretur;
1112 1983 1365 2022 magnamque

217 2033 260 2070 in
278 2045 383 2083 spem
403 2031 594 2076 veniebat,
616 2044 683 2081 pro
703 2032 780 2068 suis
798 2032 927 2076 tantis,
953 2032 1161 2082 populique
1183 2031 1364 2077 Romani,

218 2093 260 2130 in
280 2105 368 2130 eum
387 2092 598 2136 beneficia,
633 2092 798 2142 cognitis
815 2092 894 2129 suis
919 2092 1135 2142 postulatis,
1172 2092 1268 2138 fore,
1309 2092 1364 2129 uti

217 2153 432 2206 pertinacia
465 2153 677 2191 desisteret.
732 2154 827 2191 Dies
847 2153 1038 2204 colloquio
1058 2154 1183 2191 dictus
1203 2161 1275 2200 est,
1313 2167 1363 2191 ex

218 2227 265 2252 eo
286 2215 346 2251 die
367 2215 534 2265 quintus.
587 2214 761 2260 interim,
795 2228 911 2265 quum
931 2227 1044 2265 saepe
1064 2215 1164 2252 ultro
1185 2214 1362 2265 citroque

216 2276 333 2326 legati
354 2276 453 2313 inter
472 2288 538 2313 eos
553 2276 810 2320 mitterentur,
833 2275 1049 2313 Ariovistus
1068 2276 1289 2326 postulavit,
1309 2288 1359 2313 ne

218 2350 332 2388 quem
347 2337 517 2389 peditem
531 2337 580 2376 ad
595 2337 828 2389 colloquium
845 2337 987 2377 Caesar
1003 2337 1226 2376 adduceret.
1254 2349 1361 2375 vere-
