1556 2683
293 221 342 256 84
602 218 677 255 DE
716 216 894 255 BELLO
935 216 1179 257 GALLICO

292 320 387 367 nito,
407 327 447 358 et
466 333 534 370 per
553 331 786 359 mercatores
805 322 953 370 perlato
972 322 1020 358 ad
1040 322 1258 367 Britannos,
1291 335 1313 358 a
1332 334 1435 359 conv

290 381 463 432 pluribus
476 383 558 431 ejus
574 382 717 418 insulae
734 382 949 420 civitatibus
964 382 1012 418 ad
1027 395 1113 419 eum
1130 383 1247 432 legati
1263 383 1435 427 veniunt,

291 442 356 492 qui
375 442 627 492 polliceantur
657 442 808 480 obsides
827 443 932 487 dare,
965 450 1080 492 atque
1115 443 1272 492 imperio
1307 443 1436 493 populi

290 501 455 539 Romani
472 503 749 553 obtemperare,
789 503 938 544 Quibus
957 503 1110 549 auditis,
1131 504 1340 541 liberaliter
1358 504 1441 553 pol-

287 563 430 609 licitus,
450 564 717 613 hortatusque,
738 572 779 600 ut
800 564 836 599 in
857 576 901 600 ea
927 565 1117 601 sententia
1150 571 1437 614 permanerent,

288 637 354 662 eos
374 625 527 661 domum
544 624 725 667 remittit;
745 632 782 661 et
799 638 885 662 curn
902 625 958 662 his
975 639 1050 662 una
1070 625 1300 669 Commium,
1322 637 1436 675 quern

286 685 383 735 ipse,
400 685 650 722 Atrebatibus
663 686 864 735 superatiS,
878 699 1007 735 regem
1024 686 1073 722 ibi
1091 686 1355 730 constituerat,
1370 698 1437 722 cu-

282 748 347 795 jus
375 755 414 785 et
445 747 626 784 virtutem
647 753 686 783 et
715 746 912 782 consilium
943 747 1141 796 probabat,
1172 754 1209 783 et
1230 760 1343 796 quern
1363 746 1434 782 sibi

286 807 439 844 fidelem
458 808 727 851 arbitrabatur,
748 809 932 857 cujusque
953 807 1158 844 auctoritas
1185 808 1221 843 in
1244 808 1286 844 iis
1307 808 1433 856 regio-

286 870 397 906 nibus
416 869 545 918 magni
565 868 791 913 habebatur,
829 868 959 905 mittit.
1015 868 1119 906 Huic
1139 869 1314 919 imperat,
1335 881 1430 919 quas

285 930 419 980 possit,
438 929 550 966 adeat
570 928 755 974 civitates,
778 929 1042 979 horteturque,
1075 937 1117 966 ut
1137 930 1266 979 populi
1290 929 1428 967 Roma-

286 990 325 1027 ni
344 990 458 1027 fidem
475 996 701 1040 sequantur;
731 1003 848 1040 seque
866 990 1043 1027 celeriter
1059 1003 1105 1026 eo
1120 998 1322 1027 venturum
1336 1003 1433 1026 nun-

287 1051 376 1088 ciet.
430 1051 661 1096 Volusenus,
695 1052 904 1101 perspectis
924 1051 1159 1102 regionibuS,
1192 1059 1377 1101 quantum
1397 1051 1431 1088 ei

284 1111 480 1148 facultatis
500 1112 580 1148 dari
600 1112 740 1162 potuit,
761 1113 824 1162 qui
845 1112 929 1149 navi
951 1112 1097 1161 egredi,
1117 1125 1162 1149 ac
1195 1125 1235 1149 se
1263 1112 1435 1149 barbaris

285 1172 540 1218 committere,
561 1186 636 1209 non
657 1173 829 1218 auderet,
852 1186 877 1210 v
898 1174 958 1210 die
978 1174 1027 1210 ad
1048 1174 1252 1211 Caesarem
1272 1173 1430 1210 reverti-

286 1241 369 1276 tur;
389 1246 563 1284 quaeque
583 1234 635 1270 ibi
654 1234 914 1284 perspexisset
934 1234 1148 1271 renunciat.

338 1294 470 1331 XXII.
538 1294 641 1331 Dum
663 1295 700 1331 in
720 1295 777 1331 his
796 1295 891 1332 locis
912 1295 1052 1331 Caesar
1071 1295 1221 1332 navium
1242 1295 1429 1345 paranda-

283 1368 365 1392 rum
387 1367 521 1392 caussa
540 1363 722 1400 moratur‚
756 1369 805 1392 ex
825 1368 964 1406 magna
983 1363 1091 1406 parte
1114 1356 1354 1393 Morinorum
1382 1356 1430 1393 ad

285 1429 373 1453 eum
405 1416 521 1466 legati
554 1424 760 1460 venerunt3
794 1417 918 1467 quise
947 1418 994 1453 de
1023 1417 1228 1467 superioris
1247 1418 1431 1467 temporis

284 1478 444 1515 consilio
466 1485 710 1523 excusarent,
731 1479 835 1529 quod
849 1478 1023 1515 homines
1036 1478 1203 1524 barbari,
1223 1486 1260 1516 et
1276 1487 1428 1517 nostrae

285 1539 576 1576 consuetudinis
595 1539 774 1589 imperiti,
793 1540 935 1577 bellum
957 1539 1099 1589 populo
1117 1539 1292 1577 Romano
1314 1539 1427 1577 fecis-

282 1607 382 1645 sent,
402 1613 519 1651 seque
539 1612 598 1646 ea,
619 1613 715 1650 quae
735 1600 974 1650 imperasset,
1006 1600 1175 1637 facturos
1201 1600 1428 1650 polliceren-

283 1665 357 1696 tur.
414 1660 503 1698 Hoc
522 1661 593 1698 sibi
610 1661 699 1698 satis
715 1670 946 1711 opportune,
963 1661 1118 1704 Caesar,
1132 1660 1315 1697 accidisse
1330 1661 1428 1697 arbi-

281 1726 418 1766 tratus,
433 1722 536 1771 quod
551 1734 674 1772 neque
691 1729 776 1771 post
795 1729 944 1771 tergum
961 1721 1110 1758 hostem
1128 1720 1342 1770 relinquere
1362 1734 1427 1758 vo-

281 1780 399 1826 lebat,
431 1795 556 1833 neque
576 1783 665 1820 belli
685 1783 859 1832 gerendi,
891 1789 1049 1833 propter
1068 1782 1155 1818 anni
1182 1789 1348 1831 tempus,
1376 1781 1431 1818 fa-

281 1842 466 1880 cultatem
481 1844 662 1890 habebat,
689 1857 813 1895 neque
828 1844 895 1881 has
915 1843 1147 1880 tantularum
1167 1856 1293 1879 rerum
1314 1855 1433 1879 occu-

280 1903 456 1952 pationes
471 1905 541 1942 sibi
557 1905 778 1942 Britanniae
793 1904 1079 1955 anteponendas
1094 1903 1306 1953 judicabat,
1322 1916 1429 1953 mag-

278 1977 370 2000 num
390 1965 449 2001 his
468 1965 642 2002 obsidum
661 1979 863 2002 numerum
883 1965 1056 2015 imperat.
1117 1964 1265 2006 Quibus
1285 1963 1429 2001 adduc-

277 2024 340 2070 tis,
361 2039 426 2063 eos
446 2027 483 2063 in
503 2027 619 2065 fidem
639 2028 798 2077 recepit.
843 2027 1010 2063 Navibus
1031 2026 1185 2063 circiter
1204 2036 1313 2061 Lxxx
1333 2038 1423 2061 one-

277 2088 384 2125 rariis
420 2088 578 2134 coactis,
612 2089 910 2139 contractisque,
942 2095 1035 2138 quot
1054 2087 1145 2124 satis
1165 2099 1246 2123 csse
1267 2086 1314 2122 ad
1334 2086 1431 2123 duas

278 2149 593 2199 transportandas
606 2149 778 2199 legiones
792 2149 1054 2190 existimabat;
1075 2147 1260 2198 quidquid
1275 2155 1426 2197 praete-

276 2222 341 2246 rea
357 2210 508 2248 navium
523 2211 721 2260 longarum
737 2211 915 2255 habebat,
933 2209 1139 2260 quaestori,
1154 2209 1302 2258 legatis,
1317 2221 1424 2258 prae-

279 2270 464 2321 fectisque
484 2272 688 2309 distribuit.
746 2272 835 2309 Huc
856 2272 1095 2309 accedebant
1114 2263 1421 2307 xnx'onerariac
