1556 2683
255 279 331 316 2226
558 278 634 316 DE
655 278 853 319 ,BELLO
891 277 1135 317 GALLICO

259 380 392 416 castris
412 393 433 417 a
452 380 617 419 millibus
654 396 729 420 non
749 383 909 433 amplius
929 395 1003 419 xit.
1060 384 1147 424 Qua
1166 394 1206 418 re
1227 395 1275 418 ex
1297 394 1402 430 comg

257 441 429 490 pluribus
459 443 628 492 cognita,
657 457 773 493 quum
794 444 1039 493 intelligeret,
1067 442 1200 492 fugato
1229 442 1327 479 duce
1347 442 1403 479 al-

260 509 358 547 tero,
386 504 613 552 perterritos
633 504 799 554 reliquos
819 504 930 541 facile
951 504 1112 554 opprimi
1132 516 1242 554 posse
1260 519 1268 546 ;
1295 516 1404 553 mag-

258 574 330 598 nae
358 562 554 599 felicitatis
575 576 658 600 esse
689 565 955 610 arbitrabatur,
988 564 1179 601 neminem
1209 576 1257 600 ex
1285 563 1405 601 caede

257 622 443 671 refugisse
458 624 493 659 in
512 632 651 669 castra,
668 625 730 674 qui
747 625 794 661 de
811 633 971 675 accepta
987 625 1203 662 calamitate
1220 624 1404 661 nuncium

258 683 448 733 Drappeti
466 685 663 734 perferret.
696 686 786 731 Sed,
803 686 839 722 in
864 686 1103 736 experiendo
1118 699 1235 736 quum
1255 685 1406 735 pericu-

257 743 336 780 lum
358 745 504 782 nullum
539 746 700 792 videret,
731 747 944 797 equitatum
974 760 1138 792 omnem,
1170 747 1404 784 Germanos-

258 818 333 854 que
354 806 516 855 pedites,
551 820 720 844 summae
740 808 954 845 velocitatis
985 808 1173 853 homines,
1203 808 1251 845 ad
1281 815 1406 845 castra

256 865 424 903 hostium
443 868 674 917 praemittit:
703 869 783 919 ipse
803 869 995 919 legionem
1015 882 1128 906 unam
1145 869 1181 905 in
1202 869 1302 905 trina
1321 881 1403 905 cas-

257 935 317 963 tra
334 928 542 975 distribuit,
563 929 722 966 alteram
739 942 870 966 secum
887 930 1107 980 expeditam
1124 929 1242 967 ducit.
1276 930 1405 970 Quum

258 988 416 1038 propius
451 989 580 1026 hostes
608 990 846 1036 accessisset,
879 992 927 1027 ab
956 991 1279 1040 exploratoribus,
1309 1003 1405 1041 quos

259 1050 524 1099 praemiserat,
546 1052 762 1101 cognoscit,
784 1060 909 1089 castra
927 1065 1075 1097 eorum,
1095 1058 1137 1088 ut
1155 1052 1406 1089 barbarorum

256 1110 333 1147 fert
355 1113 609 1158 consuetudo,
639 1113 782 1150 relictis
813 1113 907 1150 locis
927 1113 1203 1163 superioribus,
1237 1113 1286 1150 ad
1305 1113 1405 1163 ripas

257 1170 426 1209 fluminis
457 1186 539 1210 esse
560 1174 748 1216 demissa;
776 1181 815 1210 at
836 1173 1050 1211 Germanos
1079 1174 1305 1225 equitesque
1335 1174 1405 1210 im-

256 1232 511 1281 prudentibus
524 1234 700 1271 omnibus
717 1234 764 1271 de
780 1234 984 1284 improviso
1004 1235 1216 1280 advolasse,
1236 1242 1275 1272 et
1293 1247 1404 1285 proe-

258 1292 352 1329 lium
386 1294 631 1331 commisisse.
689 1296 774 1336 Qua
794 1307 834 1331 re
861 1294 1028 1344 cognita,
1059 1295 1250 1344 legionem
1283 1307 1404 1331 arma-

257 1358 336 1388 tam
365 1352 668 1403 instructamque
702 1354 871 1392 adducit.
927 1354 1000 1400 Ita,
1037 1362 1196 1405 repente
1227 1355 1402 1392 omnibus

259 1425 308 1449 ex
343 1414 516 1463 partibus
555 1414 664 1464 signo
702 1415 806 1460 dato,
843 1416 930 1452 loca
960 1415 1158 1466 superiora
1188 1415 1403 1466 capiuntur.

260 1475 377 1515 Quod
397 1476 462 1512 ubi
482 1476 637 1522 accidit,
668 1476 852 1514 Germani
881 1476 1120 1527 equitesque,
1147 1477 1267 1526 signiS
1284 1476 1404 1526 legi0-

258 1534 317 1571 nis
338 1536 440 1581 visis,
460 1537 794 1574 vehementissime
814 1537 1071 1587 proeliantur:
1106 1536 1309 1573 confestim
1338 1548 1404 1573 co-

258 1595 390 1634 hortes
410 1598 579 1648 undique
600 1598 781 1649 impetum
811 1598 972 1643 faciunt,
992 1597 1244 1647 omnibusque
1263 1604 1329 1634 aut
1348 1597 1404 1633 in-

261 1657 447 1705 terfectis,
467 1666 533 1695 aut
552 1659 686 1709 captis,
707 1673 845 1709 magna
864 1659 1006 1710 praeda
1025 1659 1238 1709 potiuntur.
1291 1658 1405 1710 Capi-

263 1730 326 1760 tur
346 1720 425 1770 ipse
445 1733 491 1757 eo
511 1720 657 1771 proelio
673 1721 865 1771 Drappes.

305 1781 511 1820 XXXVII.
566 1782 763 1827 Caninius,
790 1782 1009 1819 felicissime
1029 1795 1069 1818 re
1089 1789 1211 1831 gesta,
1243 1782 1325 1819 sine
1346 1782 1401 1818 ul-

260 1845 299 1880 10
319 1855 442 1894 paene
462 1841 591 1878 militis
612 1842 784 1887 vulnere,
804 1843 853 1879 ad
868 1842 1102 1880 obsidendos
1117 1841 1326 1892 oppidanos
1346 1854 1405 1879 roe

260 1904 433 1942 vertitur.
489 1903 740 1954 Externoque
759 1904 868 1941 hoste
897 1904 1039 1949 deleto,
1053 1905 1162 1953 cujus
1182 1902 1319 1940 timore
1338 1915 1404 1939 an-

262 1975 326 2004 tea
345 1979 485 2015 augere
500 1965 702 2015 praesidia,
722 1972 761 2002 et
789 1965 999 2002 munitione
1015 1964 1225 2015 oppidanos
1241 1964 1404 2002 circum-

261 2027 366 2074 dare,
386 2025 600 2077 prohibitus
620 2034 714 2070 erat,
728 2039 845 2076 opera
864 2026 1033 2076 undique
1050 2026 1211 2075 imperat
1226 2025 1404 2062 adminis-

260 2089 366 2127 trari.
419 2087 537 2124 Venit
566 2087 703 2124 eodem
732 2100 818 2124 cum
840 2087 916 2124 suis
947 2087 1066 2137 copiis
1094 2094 1249 2138 postero
1268 2086 1329 2124 die
1359 2086 1403 2124 C.

266 2150 420 2195 Fabius,
440 2157 666 2199 partemque
686 2148 815 2199 oppidi
835 2148 949 2185 sumit
968 2149 1016 2185 ad
1036 2148 1300 2185 obsidendum.
1323 2161 1325 2163 ’

314 2210 542 2248 XXXVIII.
589 2211 729 2247 Caesar
749 2209 900 2246 interim
923 2209 979 2245 M.
998 2209 1209 2246 Antonium
1225 2215 1402 2259 quaesto-

261 2286 341 2310 rem
361 2285 448 2309 cum
468 2271 691 2308 cohortibus
711 2283 765 2307 xv
785 2270 823 2306 in
844 2270 1056 2308 Bellovacis
1075 2270 1241 2320 reliquit,
1261 2283 1308 2306 ne
1329 2282 1403 2319 qua

264 2346 392 2372 rursus
412 2345 596 2371 novorum
625 2332 870 2370 consiliorum
898 2331 1171 2383 capiendorum
1197 2331 1327 2382 Belgis
1346 2330 1401 2369 fa-
