1556 2683
547 238 714 277 LIBER
767 237 837 275 VI.
1192 238 1266 274 139

122 347 216 384 bent
244 345 384 383 rebus:
415 346 525 394 cujus
556 343 611 380 rei
640 342 745 380 nulla
763 348 822 379 est
852 338 1075 384 occultatio,
1104 337 1208 389 quod
1227 346 1266 375 et

121 407 337 458 promiscue
367 407 406 443 in
437 404 656 442 fluminibus
687 403 931 454 perluuntur,
961 408 1001 438 et
1019 399 1181 450 pellibus
1200 406 1267 436 aut

121 466 246 518 parvis
267 467 482 504 rhenonum
502 464 723 516 tegimentis
744 469 918 509 utuntur,
937 472 1077 511 magna
1095 458 1267 510 corporis

120 535 230 578 parte
258 527 373 564 nuda.

176 588 306 626 XXII.
362 587 636 638 Agriculturae
655 600 732 624 non
752 585 932 629 student;
965 585 1162 634 majorque
1182 594 1269 632 pars

122 649 248 687 victus
267 662 400 686 eorum
421 649 458 685 in
478 649 593 693 lacte,
614 661 742 694 caseo,
762 660 892 693 carne,
913 644 1112 683 consistit:
1142 655 1269 694 neque

124 709 324 760 quisquam
343 710 426 760 agri
445 710 602 747 modum
619 716 782 755 certum,
803 716 869 745 aut
881 708 975 745 fines
991 706 1108 743 habet
1122 704 1271 756 propri-

123 782 166 807 os
183 785 192 813 ;
234 769 303 807 sed
335 769 580 819 magistratus
599 782 643 807 ac
664 769 856 820 principes
889 769 926 805 in
950 779 1069 805 annos
1101 764 1271 815 singulos

123 830 303 882 gentibus
334 831 704 882 cognationibusque
733 830 946 876 hominum,
980 828 1044 880 qui
1065 839 1141 865 una
1169 826 1271 863 coie-

124 892 216 937 rint,
236 899 422 942 quantum
441 899 481 929 et
501 905 577 942 quo
596 892 684 929 loco
705 892 825 928 visum
846 898 919 936 est,
939 890 1020 941 agri
1040 889 1271 933 attribuunt,

124 960 240 1004 atque
260 965 360 990 anno
388 960 476 1003 post
495 953 570 990 alio
590 954 752 990 transire
773 959 930 1003 cogunt.
988 951 1081 1001 Ejus
1102 949 1155 987 rei
1176 949 1272 986 mul-

123 1021 183 1052 tas
201 1013 365 1051 afferunt
384 1027 560 1052 caussas:
591 1027 654 1061 ne,
673 1014 826 1052 assidua
845 1012 1127 1051 consuetudine
1156 1010 1274 1061 capti,

123 1075 291 1113 studium
311 1075 404 1113 belli
422 1076 583 1126 gerendi
602 1076 838 1127 agricultura
857 1080 1121 1117 conimutent3
1154 1086 1201 1109 ne
1221 1072 1274 1109 la-

124 1144 185 1175 tos
215 1136 310 1174 fines
328 1149 465 1188 parare
493 1137 688 1183 studeant,
717 1137 1031 1188 potentioresque
1052 1134 1275 1171 humiliores

123 1198 427 1250 possessionibus
441 1199 664 1249 expellant;
696 1211 744 1235 ne
763 1198 980 1236 accuratius
995 1196 1043 1233 ad
1061 1195 1205 1245 frigora
1219 1201 1275 1231 at-

125 1272 202 1311 que
221 1268 349 1298 aestus
377 1259 553 1297 vitandos
573 1259 804 1303 aedificent3
831 1272 879 1296 ne
899 1271 973 1309 qua
993 1257 1137 1294 oriatur
1155 1268 1275 1306 pecu-

123 1320 212 1358 niae
241 1320 446 1371 cupiditas,
477 1333 553 1371 qua
583 1334 632 1358 ex
653 1333 694 1357 re
724 1320 912 1358 factiones
942 1318 1276 1367 dissentionesque

125 1389 337 1420 nascuntur
353 1397 362 1425 ;
399 1390 441 1419 ut
470 1381 586 1419 animi
619 1381 813 1433 aequitate
850 1381 1002 1432 plebem
1036 1379 1275 1423 contineant,

127 1458 246 1495 quum
275 1457 362 1482 suas
395 1444 556 1496 quisque
584 1456 678 1495 opes
698 1456 786 1482 cum
815 1441 1090 1494 potentissimis
1118 1439 1276 1491 aequari

125 1505 268 1543 videat.

180 1567 332 1605 XXIII.
384 1566 615 1605 Civitatibus
635 1567 803 1604 maxima
819 1567 903 1604 laus
919 1572 991 1612 est,
1011 1577 1125 1616 quarn
1140 1562 1278 1600 latissi-

126 1642 207 1667 mas
221 1629 368 1667 circum
383 1641 424 1666 se
438 1628 594 1666 vastatis
610 1628 748 1666 finibus
762 1627 988 1666 solitudines
1003 1627 1159 1663 habere.
1190 1625 1280 1662 Hoc

126 1690 323 1742 proprium
341 1689 492 1727 virtutis
511 1689 746 1735 existimant,
767 1688 949 1739 expulsos
978 1687 1078 1738 agris
1097 1686 1280 1723 finitimos

127 1752 281 1798 cedere,
302 1763 428 1802 neque
448 1763 666 1801 quenquam
684 1763 805 1801 prope
821 1749 965 1787 audere
978 1748 1211 1786 consistere:
1230 1747 1280 1784 si-

127 1813 207 1850 mul
220 1813 295 1850 hoc
311 1825 351 1850 se
372 1811 454 1849 fore
470 1811 632 1849 tutiores
651 1811 897 1857 arbitrantur,
911 1809 1135 1861 repentinae
1151 1809 1279 1846 incur-

125 1874 245 1912 sionis
272 1874 410 1912 timore
429 1872 592 1910 sublato.
648 1874 778 1914 Quum
796 1872 941 1910 bellum
961 1872 1095 1909 civitas
1115 1878 1181 1908 aut
1199 1870 1280 1907 illa-

129 1942 213 1974 tum
238 1935 425 1979 defendit,
459 1942 525 1972 aut
552 1933 691 1977 infert;
724 1934 985 1984 magistratus,
1019 1933 1083 1984 qui
1112 1933 1147 1970 ei
1179 1933 1280 1970 bello

127 1997 312 2048 praesint,
339 2003 382 2034 ut
399 1996 500 2033 vitae
520 1996 704 2046 necisque
724 1996 893 2033 habeant
912 2002 1161 2046 potestatem,
1186 1994 1280 2032 deli—

127 2066 284 2109 guntur.
350 2058 397 2095 In
417 2071 513 2109 pace
533 2057 658 2095 nullus
677 2066 737 2096 est
765 2058 978 2095 communis
1012 2058 1282 2106 magistratus;

129 2119 412 2170 sedprincipes
431 2119 632 2169 regionum
648 2126 765 2169 atque
784 2131 973 2169 pagorum
994 2117 1094 2154 inter
1113 2130 1203 2155 suos
1217 2120 1282 2167 jus

130 2180 280 2227 dicunt,
296 2180 655 2230 controversiasque
670 2181 860 2217 minuunt.
898 2179 1124 2217 Latrocinia
1138 2179 1282 2216 nullam

131 2241 275 2280 habent
307 2241 518 2286 infamiam,
545 2254 643 2292 quae
662 2249 775 2279 extra
792 2242 888 2278 fines
908 2242 1096 2291 cujusque
1116 2240 1282 2278 clvitatis

131 2301 251 2348 fiunt;
288 2310 403 2354 atque
434 2314 480 2341 ea
505 2302 719 2353 juventutis
749 2301 1008 2349 exercendae,
1046 2313 1093 2339 ae
1112 2300 1283 2340 desidiae
