1556 2683
655 289 820 328 LIBER
874 291 907 329 1.
1275 294 1351 332 247

212 391 392 442 Apuliam
424 392 567 443 peritos
596 394 809 443 regionum,
847 406 987 443 magno
1019 393 1215 443 proposito
1244 406 1352 444 prae-

210 453 300 499 mio,
329 466 414 490 cum
447 454 566 491 literis
592 445 733 497 mittit';
770 454 832 504 qui
854 461 986 504 petant
1012 461 1127 504 atque
1157 463 1281 500 orent,
1311 462 1354 491 ut

210 512 281 549 sibi
306 513 534 551 subveniat:
562 514 763 551 Caesarem
791 515 940 552 duobus
961 515 1210 561 exercitibus,
1239 523 1278 552 et
1296 515 1352 551 lo-

209 585 342 609 corum
361 574 560 623 angustiis,
579 575 692 612 facile
713 575 915 612 intercludi
936 588 1059 626 posse,
1080 576 1352 625 frumentoque

208 634 415 684 prohiberi.
463 635 574 676 Quod
593 636 661 672 nisi
679 636 827 681 fecerit,
847 649 902 681 se,
922 636 1177 686 cohortesque
1193 636 1354 686 amplius

211 706 310 740 xxx,
339 707 596 746 magnumque
625 709 824 733 numerum
852 704 1084 741 senatorum,
1111 704 1225 746 atque
1245 697 1351 747 equi-

212 761 293 791 tum
315 754 588 801 Romanorum,
619 757 655 793 in
684 758 896 808 periculum
918 770 999 794 esse
1021 764 1237 794 venturum.
1290 757 1354 793 In-

209 815 336 861 terim,
367 829 455 854 suos
475 817 710 863 cohortatus,
740 826 932 856 tormenta
963 818 1002 854 iu
1021 819 1136 855 muris
1167 818 1351 867 disponit,

208 883 410 927 certasque
431 878 571 928 cuique
590 885 716 928 partes
735 879 783 915 ad
803 879 1014 916 custodiam
1035 878 1137 915 urbis
1156 879 1350 923 attribuit3

204 937 388 975 militibus
405 937 442 974 in
459 939 645 976 concione
664 952 776 988 agros
791 952 840 976 ex
856 940 933 976 suis
949 939 1249 990 possessionibus
1269 940 1350 989 pol-

204 997 357 1044 licetur,
379 1006 563 1049 quaterna
581 999 619 1036 in
640 1000 809 1049 singulos
824 1001 975 1050 jugera,
997 1007 1034 1037 et
1053 1013 1122 1050 pro
1143 1008 1223 1037 rata
1241 1008 1352 1050 parte

206 1059 498 1096 centurionibus
527 1060 784 1110 evocatisque.

257 1118 407 1155 XVIII.
460 1119 619 1157 Interim
640 1120 793 1158 Caesari
813 1120 1033 1166 nunciatur,
1063 1121 1349 1168 Sulmonenses,

203 1180 307 1230 quod
325 1180 507 1230 oppidum
525 1194 547 1218 a
562 1181 731 1218 Corfinio
752 1193 815 1217 vu
836 1182 993 1219 millium
1009 1182 1209 1219 intervallo
1228 1183 1350 1228 abest,

203 1234 346 1290 cupere
365 1253 411 1278 ea
429 1241 572 1286 facere,
600 1254 697 1292 quae
717 1242 854 1285 vellet3
887 1243 954 1279 sed
979 1256 999 1280 a
1020 1244 1067 1284 Q.
1087 1243 1270 1280 Lucretio
1289 1256 1350 1279 se-

201 1310 336 1340 natore
351 1309 391 1339 et
406 1303 516 1340 Attio
536 1303 698 1352 Peligno
716 1302 925 1352 prohiberi,
946 1303 1009 1353 qui
1025 1303 1063 1340 id
1078 1303 1261 1353 oppidum
1283 1315 1346 1340 vn

203 1361 419 1399 cohortium
446 1362 635 1413 praesidio
663 1363 858 1400 tenebant.
913 1363 1039 1400 Mittit
1067 1376 1113 1400 eo
1143 1363 1200 1400 M.
1223 1364 1347 1401 Anto-

201 1423 308 1460 nium
328 1436 415 1461 cum
436 1423 596 1473 legionis
617 1435 699 1460 V111
720 1423 943 1461 cohortibus
964 1436 1003 1460 v.
1059 1423 1346 1470 Sulmonenses,

199 1484 310 1521 simul
331 1491 445 1535 atque
464 1492 595 1522 nostra
612 1484 722 1534 signa
735 1483 927 1530 viderunt,
947 1491 1077 1534 portas
1099 1492 1347 1535 aperuerunt,

199 1545 457 1596 universique,
476 1551 515 1582 et
536 1544 716 1595 oppidani
735 1552 774 1582 et
792 1544 946 1590 milites,
967 1545 1115 1582 obviam
1145 1546 1344 1596 gratulan-

199 1612 257 1643 tes
277 1606 450 1644 Antonio
471 1606 673 1643 exierunt:
710 1605 916 1642 Lucretius
936 1613 975 1643 et
1005 1607 1136 1643 Attius
1164 1607 1212 1644 de
1237 1621 1346 1645 muro

200 1679 241 1703 se
261 1666 498 1717 dejecerunt.
543 1666 688 1712 Attius,
708 1666 758 1703 ad
778 1666 992 1703 Antonium
1012 1667 1215 1713 deductus,
1235 1667 1345 1717 petit,

200 1734 244 1764 ut
261 1727 310 1764 ad
330 1727 533 1764 Caesarem
561 1727 790 1764 mitteretur.
845 1727 1038 1764 Antonius
1060 1741 1146 1765 cum
1176 1728 1344 1765 cohorti-

199 1787 270 1824 bus
289 1794 329 1824 et
359 1787 469 1824 Attio
488 1787 624 1824 eodem
644 1786 720 1832 die,
748 1800 824 1837 quo
842 1786 1038 1837 profectus
1058 1794 1154 1833 erat,
1183 1789 1342 1826 reverti-

198 1854 272 1885 tur.
312 1848 452 1885 Caesar
467 1860 531 1885 eas
546 1847 724 1885 cohortes
745 1860 831 1884 cum
852 1847 1028 1884 exercitu
1043 1855 1114 1885 suo·
1129 1849 1344 1898 conjunxit,

197 1907 428 1958 Attiumque
456 1908 687 1945 incolumem
707 1907 861 1945 dimisit.
891 1908 1045 1954 Caesar,
1072 1909 1190 1946 tribus
1212 1909 1344 1959 primis

199 1969 349 2015 diebus,
366 1976 490 2006 castra
505 1968 651 2019 magnis
671 1968 849 2018 operibus
867 1968 1031 2013 munire,
1052 1976 1092 2005 et
1110 1982 1159 2006 ex
1174 1969 1344 2007 finitimis

197 2029 414 2080 municipiis
429 2029 663 2066 frumentum
685 2037 940 2080 comportare,
960 2030 1200 2080 reliquasque
1213 2031 1342 2081 copias

198 2098 440 2141 exspectare,
472 2089 648 2127 instituit.
702 2089 760 2126 Eo
789 2090 916 2127 triduo
946 2090 1047 2140 legio
1077 2103 1158 2127 V111
1179 2091 1227 2128 ad
1254 2105 1342 2129 eum

198 2151 319 2196 venit,
348 2151 604 2200 cohortesque
624 2163 674 2187 ex
699 2150 806 2187 novis
830 2150 979 2188 Galliae
1006 2151 1208 2188 dilectibus
1235 2164 1342 2198 xx11,

196 2211 420 2261 equitesque
447 2212 494 2248 ab
514 2224 606 2260 rege
628 2210 772 2248 Norico
793 2211 947 2248 circiter
975 2223 1061 2248 ccc.
1090 2225 1253 2262 quorum
1272 2213 1339 2249 ad-

194 2278 312 2309 ventu
341 2272 460 2308 altera
478 2279 602 2309 castra
620 2272 668 2308 ad
686 2271 845 2309 alteram
879 2272 1009 2323 oppidi
1040 2280 1188 2323 partem
1219 2274 1340 2323 ponit.

195 2331 270 2370 His
288 2332 428 2386 castrIs
441 2332 647 2370 Curionem
666 2332 877 2384 praefecit:
907 2333 1062 2384 reliquis
1077 2332 1212 2371 diebus
1232 2334 1340 2385 oppi-
