1556 2683
569 278 736 316 LIBER
788 278 842 316 ΙΙ.
1261 283 1312 323 37

160 382 286 428 sectis,
307 382 490 420 matur1us
506 383 648 433 paullm
669 396 780 433 quam
798 390 949 434 tempus
969 381 1057 419 anni
1078 383 1309 433 postulabat,

160 444 197 481 in
221 445 381 482 hiberna
400 445 436 482 in
460 446 657 495 Sequanos
677 444 894 482 exercitum
915 443 1102 480 deduxit:
1142 445 1310 482 hibunis

158 503 374 542 Labienum
395 505 615 556 praeposuit
634 519 643 541 :
674 505 754 555 ipse
774 505 811 541 in
833 504 1053 542 citeriorem
1075 503 1241 541 Galliam
1260 505 1310 545 ad

157 573 371 604 conventus
390 567 560 616 agendos
580 566 778 617 profectus
798 573 870 604 est.

594 811 763 849 LIBER
815 812 870 850 11.

204 932 236 970 Ι.
290 933 457 975 QUUM
485 941 587 972 esset
615 934 758 972 Caesar
777 933 815 971 in
836 933 1015 972 citeriore
1045 933 1173 971 Gallia
1190 934 1229 971 in
1249 935 1306 973 hi-

152 994 295 1041 bernis,
329 995 381 1032 ita
402 995 455 1032 uti
476 1008 592 1046 supra
611 996 970 1041 demonstravimus,
1004 994 1129 1032 crebri
1148 996 1196 1032 ad
1216 1009 1304 1035 eum

152 1069 324 1094 rumores
342 1056 614 1104 afferebantur,
642 1057 840 1107 literisque
861 1057 951 1094 item
981 1056 1142 1094 Labieni
1163 1058 1306 1096 certior

153 1116 284 1162 fiebat,
304 1130 437 1154 omnes
459 1117 613 1167 Belgas,
633 1130 748 1169 quam
768 1118 923 1155 tertiam
943 1131 1026 1156 esse
1047 1117 1197 1156 Galliae
1217 1131 1304 1170 par-

151 1186 228 1216 tem
248 1179 484 1225 dixeramus,
516 1186 654 1217 contra
671 1179 857 1230 populum
880 1179 1094 1217 Romanu-,n
1128 1183 1306 1230 conjura-

149 1252 204 1286 re,
221 1240 452 1291 obsidesque
468 1240 567 1278 inter
579 1254 620 1278 se
635 1241 750 1278 dare:
771 1241 997 1290 conjurandi
1012 1241 1078 1278 has
1093 1253 1176 1278 esse
1193 1254 1303 1279 caus-

149 1313 231 1338 sas:
251 1301 429 1352 primum,
456 1303 559 1353 quod
577 1310 819 1348 vererentur,
848 1315 910 1348 ne,
930 1303 1032 1340 omni
1053 1310 1191 1353 pacata
1210 1303 1303 1341 Gal-

147 1363 212 1410 lia,
258 1364 307 1401 ad
343 1376 409 1401 eos
442 1364 637 1402 exercitus
669 1372 800 1402 noster
831 1364 1117 1402 adduceretur:
1148 1365 1302 1412 deinde,

148 1426 252 1477 quod
281 1427 330 1464 ab
361 1425 555 1464 nonnullis
567 1426 689 1464 Gallis
709 1426 1022 1472 sollicitarentur,
1056 1427 1196 1477 partim
1221 1427 1302 1478 qui,

148 1495 191 1526 ut
211 1488 429 1526 Germanos
448 1488 592 1525 diutius
611 1488 649 1525 in
681 1487 810 1526 Gallia
828 1488 971 1526 versari
1000 1488 1219 1535 noluerant,
1249 1489 1303 1528 ita

146 1550 279 1601 populi
312 1550 476 1587 Romani
506 1549 723 1587 exercitum
756 1549 925 1587 hiemare
957 1558 1072 1600 atquc
1092 1550 1303 1588 inveteras-

148 1624 238 1650 cere
265 1612 304 1649 in
325 1612 453 1649 Gallia
470 1611 632 1650 moleste
659 1612 854 1654 ferebant:
887 1612 1025 1662 partim
1053 1612 1117 1663 qui
1151 1613 1302 1649 mobili-

146 1680 226 1711 tate
257 1681 297 1711 et
324 1673 482 1711 levitate
516 1673 632 1710 animi
665 1673 773 1710 novis
802 1673 972 1723 imperiis
991 1674 1220 1711 studebant:
1253 1674 1300 1711 ab

145 1736 340 1773 nonnullis
371 1735 501 1781 etiam,
533 1735 638 1786 quod
656 1735 694 1772 in
729 1735 857 1773 Gallia
875 1747 897 1772 a
915 1735 1213 1785 potentioribuS,
1243 1743 1300 1773 at-

146 1809 221 1846 que
250 1796 323 1840 his,
356 1796 421 1847 qui
442 1796 490 1834 ad
510 1796 785 1834 conducendos
814 1796 991 1834 homines
1009 1796 1212 1834 facultates
1232 1797 1300 1834 ha-

143 1858 302 1903 bebant,
327 1858 445 1908 vulgo
470 1871 591 1908 regna
617 1859 931 1908 occupabantur3
950 1858 1016 1909 qui
1041 1858 1166 1895 minus
1184 1857 1299 1895 facile

145 1933 228 1957 eam
250 1933 329 1957 rem
349 1920 388 1956 in
403 1920 564 1970 imperio
577 1927 709 1957 nostro
725 1919 912 1970 consequi
931 1926 1125 1970 poterant.

196 1982 248 2018 11.
304 1982 356 2019 Iis
375 1982 527 2019 nunciis
558 1981 754 2032 literisque
775 1989 1003 2027 commotus,
1039 1981 1181 2019 Caesar
1204 1981 1298 2020 duas

143 2043 317 2094 legiones
336 2043 375 2079 in
396 2043 576 2080 citeriore
593 2042 719 2079 Gallia
735 2056 853 2080 novas
869 2043 1112 2093 conscripsit,
1131 2051 1184 2089 et,
1204 2043 1299 2080 inita

142 2113 304 2150 aestate,
325 2105 364 2142 in
383 2105 607 2142 interiorem
629 2104 795 2142 Galliam
815 2105 880 2156 qui
900 2104 1128 2151 deduceret,
1156 2107 1204 2148 Q.
1224 2105 1298 2143 Pe-

142 2167 246 2204 dium
272 2167 443 2217 legatum
463 2167 578 2203 misit.
632 2166 736 2217 Ipse,
757 2180 875 2217 quum
893 2167 1058 2216 primum
1079 2166 1210 2217 pabuli
1230 2180 1296 2205 co-

141 2229 205 2280 pia
234 2241 316 2266 esse
331 2228 535 2279 inciperet,
566 2228 615 2266 ad
634 2229 850 2266 exercitum
871 2228 989 2266 venit.
1045 2228 1126 2265 Dat
1144 2228 1296 2278 negoti-

143 2302 210 2326 um
241 2289 472 2334 Senonibus,
492 2290 725 2341 reliquisque
745 2289 883 2335 Gallis,
903 2290 969 2340 qui
986 2289 1138 2326 finitimi
1165 2289 1296 2341 Belgis

142 2359 266 2398 erant,
299 2351 355 2390 uti
375 2364 434 2399 ea,
467 2364 564 2403 quae
584 2352 688 2402 apud
707 2364 774 2390 eos
799 2358 998 2402 gerantur,
1033 2359 1295 2403 cognoscant3
