1556 2683
287 292 362 327 ‘234
570 291 645 329 DE
683 292 861 329 BELLO
903 293 1145 332 GALLlCO

285 392 553 429 Contendebat
574 393 674 430 enim
695 396 829 444 gratia,
864 409 980 445 quum
1000 397 1162 433 libenter
1180 409 1250 445 pro
1270 397 1425 435 homine

283 453 354 490 sibi
375 454 701 503 conjunctissimo,
722 468 834 505 quein
850 456 979 505 paullo
999 464 1087 493 ante
1106 457 1353 506 praemiserat
1373 459 1422 495 ad

283 513 522 562 petitionem,
543 522 621 551 tum
637 516 775 552 acriter
788 523 922 552 contra
934 516 1139 553 factionem
1156 523 1195 553 et
1209 518 1420 566 potentiam

281 587 505 623 paucorum,
526 576 589 625 qui
611 575 667 612 M.
689 576 847 613 Antonii
870 576 1020 626 repulsa
1040 576 1211 613 Caesaris
1231 577 1421 615 deceden-

281 634 330 670 tis
351 635 566 672 convellere
598 636 758 685 gratiam
778 636 996 686 cupiebant.
1051 636 1168 673 Hunc
1198 637 1270 673 etsi
1303 650 1423 687 augu-

280 708 361 731 rem
381 696 484 743 prius
502 695 660 741 factum,
681 710 794 746 quam
814 697 962 734 ltaliam
980 698 1200 746 attingeret,
1232 697 1270 733 in
1286 697 1421 735 itinere

280 757 468 800 audierat;
503 764 630 794 tamen
651 770 727 793 non
747 757 871 794 minus
886 759 1028 807 justam
1061 757 1130 794 sibi
1151 770 1320 795 caussam
1341 771 1423 795 mu-

281 817 422 867 nicipia
442 824 480 853 et
503 818 670 855 colonias
690 818 856 854 adeundi
877 818 1121 863 existimavit,
1151 825 1193 855 ut
1212 819 1254 854 iis
1280 819 1423 868 gratias

279 885 425 926 ageret,
460 879 563 928 quod
591 878 845 928 frequentiam
866 887 980 929 atque
1007 879 1171 915 officium
1200 892 1310 916 suum
1340 881 1423 916 An-

280 937 386 974 tonio
406 938 699 990 praestitissent,
727 939 913 990 simulque
934 952 973 977 se
994 946 1032 976 et
1051 940 1236 977 honorem
1255 953 1365 977 suum
1384 940 1423 976 in

278 999 473 1048 sequentis
510 1000 598 1037 anni
641 1001 927 1037 commendaret
964 1000 1152 1050 petitione
1170 1016 1179 1043 ;
1218 1008 1422 1051 propterea

280 1061 382 1110 quod
401 1060 609 1098 insolenter
628 1061 831 1098 adversarii
851 1061 907 1098 sui
937 1061 1206 1112 gloriarentur,
1237 1062 1283 1098 L.
1316 1062 1421 1099 Len-

278 1122 400 1159 tulum
419 1129 458 1159 et
478 1122 521 1159 C.
539 1122 767 1159 Marcellum
787 1122 893 1159 Coss.
909 1129 1072 1168 creatos,
1094 1123 1157 1172 qui
1177 1136 1328 1160 omnem
1349 1123 1418 1160 ho-

277 1195 409 1220 norem
429 1190 468 1220 et
487 1183 711 1232 dignitatem
743 1182 915 1220 Caesaris
935 1182 1208 1232 exspoliarent,
1242 1191 1417 1233 ereptum

279 1244 413 1293 Sergio
434 1243 580 1281 Galbae
598 1244 851 1289 consulatum,
872 1257 988 1293 quum
1009 1243 1038 1280 is
1057 1243 1178 1281 multo
1194 1244 1277 1294 plus
1297 1245 1419 1293 gratia

276 1305 539 1355 suffragiisque
557 1304 749 1349 valuisset,
765 1305 867 1354 quod
880 1304 949 1340 sibi
964 1306 1192 1354 conjunctus
1205 1312 1243 1341 et
1258 1304 1420 1342 familia-

276 1366 404 1411 ritate,
434 1373 473 1401 et
492 1363 773 1401 necessitudine
792 1363 1007 1412 legationis,
1027 1372 1138 1402 esset.

327 1425 395 1462 LI.
450 1425 649 1474 Exceptus
677 1431 735 1461 est
761 1424 933 1460 Caesaris
961 1425 1147 1462 adventus
1172 1427 1219 1463 ab
1241 1427 1419 1464 omnibus

276 1486 492 1536 municipiis
511 1493 550 1523 et
569 1484 727 1522 coloniis
742 1484 955 1521 incredibili
972 1485 1117 1524 honore
1130 1494 1244 1537 atque
1264 1500 1416 1531 amore;

276 1554 357 1584 tum
377 1547 539 1597 primum
560 1545 660 1582 enim
680 1544 857 1581 veniebat
881 1545 928 1581 ab
949 1544 1013 1581 illo
1043 1545 1242 1583 universae
1264 1546 1413 1584 Galliae

279 1607 393 1645 bello.
447 1606 553 1642 Nihil
573 1605 873 1654 relinquebatur,
901 1604 1004 1653 quod
1023 1605 1071 1641 ad
1090 1614 1267 1642 ornatum
1286 1614 1414 1656 porta-

274 1682 372 1714 rum,
405 1667 596 1711 itinerum,
630 1667 800 1703 locorum
821 1665 1001 1709 omnium,
1039 1678 1113 1715 qua
1133 1667 1274 1703 Caesar
1295 1668 1416 1705 iturus

274 1736 371 1774 erat,
400 1727 613 1778 excogitari
634 1734 774 1777 posset.
841 1726 938 1763 Cum
958 1726 1085 1763 liberis
1106 1727 1226 1763 omnis
1246 1728 1416 1766 multitu-

272 1790 322 1826 do
343 1789 493 1827 obviam
513 1787 772 1839 procedebat3
802 1787 948 1823 hostiae
968 1787 1143 1824 omnibus
1163 1788 1255 1825 locis
1283 1789 1415 1826 immo-

270 1850 472 1893 labantur3
492 1849 666 1886 tricliniis
685 1847 812 1885 stratis
830 1847 912 1884 fora
931 1847 1150 1898 templaque
1166 1851 1410 1899 occupaban-

270 1916 348 1954 tur,
378 1916 419 1946 ut
445 1908 504 1945 vel
533 1906 849 1958 exspectatissimi
870 1907 1051 1957 triumphi
1071 1908 1216 1945 laetitia
1244 1911 1414 1961 praecipi

268 1976 409 2020 posset.
478 1969 602 2005 Tanta
616 1976 698 2005 erat
712 1967 997 2017 magnificentia
1016 1969 1117 2018 apud
1134 1969 1406 2018 opulentiores,

269 2029 457 2080 cupiditas
477 2029 578 2079 apud
596 2028 828 2065 humiliores.

321 2090 410 2126 LII.
465 2090 593 2131 Quum
614 2102 745 2126 omnes
765 2089 941 2139 regiones
960 2089 1107 2127 Galliae
1124 2090 1295 2141 Togatae
1316 2093 1413 2131 Cae-

267 2149 806 2200 sarpercucurrisset,sunnna
820 2162 907 2186 cum
921 2150 1120 2187 celeritate
1136 2151 1184 2188 ad
1196 2153 1410 2191 exercitum

266 2211 598 2248 Nemetocennam
618 2210 754 2253 rediit;
781 2210 1076 2261 legionibusque
1092 2225 1140 2249 ex
1161 2213 1336 2250 omnibus
1356 2215 1412 2252 hi-

219 2295 222 2298 <
268 2271 395 2308 bernis
415 2271 463 2307 ad
481 2271 575 2308 fines
609 2270 853 2308 Trevirorum
873 2272 1041 2309 evocatis
1060 2285 1105 2309 eo
1125 2273 1320 2323 profectus
1339 2284 1411 2322 est,

266 2331 395 2382 ibique
422 2331 637 2370 exercitum
673 2331 859 2370 lustravit.
938 2332 982 2370 T.
1014 2332 1228 2372 Labienum
1260 2335 1413 2374 Galliae·
