1556 2683
563 213 726 252 LIBER
780 214 870 252 VII.
1231 216 1307 253 ‘201

158 317 356 368 complura
375 317 574 355 tormentis
595 318 672 356 tela
697 308 970 368 conjiciuntur.
1024 318 1078 355 At
1098 317 1156 354 M.
1178 317 1301 355 Anto-

159 377 245 415 nius
260 385 298 414 et
314 379 358 415 C.
380 378 607 424 Trebonius,
627 379 758 428 legati,
779 378 916 428 quibus
936 390 1003 415 eae
1023 385 1149 427 portes
1169 377 1217 413 ad
1236 377 1303 414 de-

156 437 390 476 fendendum
423 440 671 484 obvenerant,
705 452 780 490 qua
812 452 859 476 ex
880 447 988 489 parte
1010 447 1159 475 nostros
1179 439 1301 487 premi

158 498 442 545 intellexerant,
476 500 519 535 iis
539 500 683 537 auxilio
714 513 763 536 ex
784 498 1028 536 ulterioribus
1050 498 1216 535 castellis
1237 497 1301 535 de-

159 557 295 596 ductos
323 560 610 597 submittebant.

209 619 416 656 LXXXII.
463 621 565 658 Dum
583 621 732 670 longius
747 621 793 658 ab
808 621 1018 659 munitione
1033 622 1192 658 aberant
1210 620 1301 658 Ga}-

156 681 195 725 li,
216 680 300 730 plus
315 681 560 718 multitudine
576 682 739 718 telorum
756 681 1005 731 proficiebant
1021 696 1030 718 t
1052 690 1302 732 posteaquam

156 741 312 791 propius
332 751 614 787 successerunt,
643 750 706 779 aut
727 755 768 779 sc
788 742 857 792 ipsi
878 743 1038 779 stimulis
1060 742 1301 792 inopinantes

154 802 379 847 induebant,
412 811 477 840 aut
510 803 547 840 in
580 805 735 841 scrobes
765 803 910 854 delapsi
938 803 1303 850 transfodiebantur,

153 870 219 900 aut
239 876 287 900 ex
309 863 407 900 vallo
426 876 471 900 ac
491 863 660 900 turribus
680 864 876 913 tranSJecti
897 864 981 914 pilis
1008 865 1218 902 muralibus
1247 865 1303 901 in-

155 923 334 961 teribant.
389 924 524 961 Multis
545 925 714 974 undique
735 925 956 962 vulneribus
983 927 1166 976 acceptis,
1199 926 1304 963 nulla.

154 985 367 1022 munitione
385 993 579 1036 perrupta,
597 998 712 1035 quum
729 985 797 1022 lux
814 992 1027 1035 appeteret,
1046 986 1171 1031 veriti,
1192 1000 1237 1024 nc
1255 988 1302 1023 ab

152 1046 272 1083 latere
287 1053 421 1096 aperto
436 1059 485 1082 ex
501 1046 758 1096 superioribus
773 1046 906 1083 castris
922 1047 1123 1096 eruptione
1141 1048 1304 1085 circum-

154 1107 389 1151 venirentur,
409 1119 449 1143 se
465 1107 513 1144 ad
532 1120 620 1144 suos
634 1113 877 1157 receperunt.
906 1109 961 1144 At
978 1107 1194 1153 interiores,
1211 1109 1304 1146 dum

154 1180 213 1213 ea,
246 1180 343 1218 quae
361 1181 384 1205 a
403 1167 725 1218 Vercingetorige
745 1168 793 1204 ad
813 1169 1054 1218 eruptionem
1075 1178 1302 1220 praeparata

152 1236 276 1274 erant,
308 1228 523 1279 proferunt,
554 1227 701 1278 priores
728 1228 848 1265 fossas
867 1228 1049 1279 explent;
1091 1229 1234 1267 diutius
1263 1230 1304 1268 in

154 1290 198 1326 iis
217 1291 332 1328 rebus
364 1289 674 1327 administrandis
692 1289 843 1335 morati,
879 1290 984 1340 prius
1004 1303 1091 1328 suos
1111 1291 1304 1328 discessis-

152 1363 193 1388 se
213 1358 493 1401 cognoverunt,
514 1364 627 1402 quam
647 1350 922 1388 munitionibus
942 1351 1303 1402 appropinquarent.

151 1411 226 1458 Ita,
257 1426 298 1450 re
329 1412 487 1458 infecta,
515 1412 553 1448 in
574 1411 758 1463 oppidum
778 1418 1032 1450 reverterunt.

202 1473 431 1510 LXXXIII.
495 1473 560 1510 Bis
585 1485 726 1523 magno
759 1486 846 1510 cum
880 1473 1114 1511 detrimento
1145 1475 1303 1526 repulsi,

152 1535 269 1580 Galli,
303 1535 396 1585 quid
427 1541 559 1584 agant,
594 1533 820 1576 consulunt;
856 1533 1028 1570 locorum
1061 1534 1203 1584 peritos
1235 1535 1302 1572 ad-

153 1597 288 1634 hibent
305 1610 315 1633 :
343 1597 391 1633 ab
411 1595 470 1632 his
489 1594 728 1645 superiorum
762 1601 973 1631 castrorum
993 1594 1087 1631 situs
1120 1595 1302 1632 munitIO-

153 1670 298 1708 nesque
329 1663 584 1707 cognoscunt.
654 1655 746 1692 Erat
765 1668 788 1692 a
808 1654 1155 1705 Septemtrionibus
1180 1655 1302 1703 collis,

151 1731 280 1768 quem,
295 1726 453 1769 propter
468 1716 771 1766 magnitudinem
789 1716 986 1761 circuitus,
1004 1729 1120 1766 opere
1137 1717 1301 1754 circum-

153 1779 270 1830 plecti
290 1792 367 1816 non
387 1785 593 1829 potuerant
613 1777 745 1822 nostri,
773 1777 1067 1828 necessarioque
1087 1790 1210 1827 paene
1231 1777 1301 1814 ini-

152 1854 227 1891 quo
246 1841 346 1885 loen,
375 1848 414 1877 et
432 1839 571 1877 leniter
591 1838 743 1883 declivi,
780 1845 906 1875 castra
934 1838 1119 1876 fecerant.
1187 1839 1300 1877 Haec

153 1902 198 1939 C.
218 1900 413 1938 Antistius
435 1899 608 1949 Reginus
636 1906 675 1935 et
696 1899 740 1936 C.
761 1899 945 1936 Caninius
966 1899 1138 1944 Rebilus,
1171 1899 1303 1950 legati,

152 1976 239 2000 cum
261 1974 293 1998 11
313 1961 529 2012 legionibus
549 1960 787 1997 obtinebant.
841 1961 1018 2011 Cognitis
1036 1975 1105 2012 per
1120 1962 1299 2012 explora-

157 2032 261 2062 tores
272 2023 507 2072 regionibuS,
527 2022 647 2059 duces
668 2021 833 2059 hostium
851 2033 903 2058 Lx
918 2022 1035 2059 millia
1047 2036 1095 2059 ex
1113 2023 1216 2059 omni
1232 2037 1302 2060 nu-

152 2097 260 2121 mero
279 2083 468 2133 deligunt,
499 2095 630 2119 earum
650 2082 862 2127 civitatum,
888 2096 985 2132 quae
1005 2083 1210 2121 maximam
1228 2085 1302 2121 vir-

152 2145 245 2181 tutis
275 2144 495 2194 opinionem
520 2143 735 2180 habebant:
769 2142 874 2192 quid,
908 2156 1061 2194 quoque
1080 2152 1209 2195 pacto,
1242 2145 1304 2195 agi

151 2204 317 2255 placeat,
336 2204 488 2241 occulte
508 2203 608 2240 inter
626 2216 666 2240 se
683 2202 922 2240 constituunt
940 2217 948 2239 :
969 2203 1135 2241 adeundi
1151 2211 1305 2255 tempus

148 2265 356 2310 definiunt,
376 2278 493 2316 quum
521 2264 700 2302 meridies
730 2276 813 2301 esse
844 2264 1034 2302 videatur.
1101 2264 1152 2302 Iis
1184 2265 1304 2316 copiis

232 2326 340 2363 Toxi.
371 2326 401 2362 l.
738 2324 767 2361 C
796 2338 817 2361 c
