<?xml version="1.0" encoding="UTF-8"?>
<!DOCTYPE html PUBLIC "-//W3C//DTD XHTML 1.0 Transitional//EN"
    "http://www.w3.org/TR/xhtml1/DTD/xhtml1-transitional.dtd">
<html xmlns="http://www.w3.org/1999/xhtml" xml:lang="en" lang="en">
 <head>
  <title>
</title>
<meta http-equiv="Content-Type" content="text/html;charset=utf-8" />
  <meta name='ocr-system' content='tesseract 3.04.00' />
  <meta name='ocr-capabilities' content='ocr_page ocr_carea ocr_par ocr_line ocrx_word'/>
</head>
<body>
  <div class='ocr_page' id='page_1' title='image "./debellogallicoet01caesuoft_0261.png"; bbox 0 0 1556 2683; ppageno 0'>
   <div class='ocr_carea' id='block_1_1' title="bbox 469 412 1010 453">
    <p class='ocr_par' dir='ltr' id='par_1_1' title="bbox 469 412 1010 453">
     <span class='ocr_line' id='line_1_1' title="bbox 469 412 1010 453; baseline 0.004 -2"><span class='ocrx_word' id='word_1_1' title='bbox 469 413 514 451; x_wconf 89' lang='lat' dir='ltr'>C.</span> <span class='ocrx_word' id='word_1_2' title='bbox 554 412 697 451; x_wconf 83' lang='lat' dir='ltr'><strong>JULII</strong></span> <span class='ocrx_word' id='word_1_3' title='bbox 739 413 1010 453; x_wconf 83' lang='lat' dir='ltr'>CAESARIS</span> 
     </span>
    </p>
   </div>
   <div class='ocr_carea' id='block_1_2' title="bbox 203 528 1279 587">
    <p class='ocr_par' dir='ltr' id='par_1_2' title="bbox 203 528 1279 587">
     <span class='ocr_line' id='line_1_2' title="bbox 203 528 1279 587; baseline 0.006 -6"><span class='ocrx_word' id='word_1_4' title='bbox 203 528 1279 587; x_wconf 79' lang='lat' dir='ltr'><strong>COMMENTARIORUM</strong></span> 
     </span>
    </p>
   </div>
   <div class='ocr_carea' id='block_1_3' title="bbox 447 667 1029 711">
    <p class='ocr_par' dir='ltr' id='par_1_3' title="bbox 447 667 1029 711">
     <span class='ocr_line' id='line_1_3' title="bbox 447 667 1029 711; baseline 0.005 -4"><span class='ocrx_word' id='word_1_5' title='bbox 447 668 537 707; x_wconf 88' lang='lat' dir='ltr'>DE</span> <span class='ocrx_word' id='word_1_6' title='bbox 582 667 783 709; x_wconf 88' lang='lat' dir='ltr'><em>BELLO</em></span> <span class='ocrx_word' id='word_1_7' title='bbox 827 670 893 711; x_wconf 85' lang='lat' dir='ltr'>CI</span> <span class='ocrx_word' id='word_1_8' title='bbox 898 671 1029 711; x_wconf 87' lang='lat' dir='ltr'><em>VILI.</em></span> 
     </span>
    </p>
   </div>
   <div class='ocr_carea' id='block_1_4' title="bbox 609 805 861 819">
    <p class='ocr_par' dir='ltr' id='par_1_4' title="bbox 609 805 861 819">
     <span class='ocr_line' id='line_1_4' title="bbox 609 805 861 819; baseline 0 1864"><span class='ocrx_word' id='word_1_9' title='bbox 609 805 861 819; x_wconf 95' lang='lat' dir='ltr'> </span> 
     </span>
    </p>
   </div>
   <div class='ocr_carea' id='block_1_5' title="bbox 610 820 812 827">
    <p class='ocr_par' dir='ltr' id='par_1_5' title="bbox 610 820 812 827">
     <span class='ocr_line' id='line_1_5' title="bbox 610 820 812 827; baseline 0 1856"><span class='ocrx_word' id='word_1_10' title='bbox 610 820 812 827; x_wconf 95' lang='lat' dir='ltr'> </span> 
     </span>
    </p>
   </div>
   <div class='ocr_carea' id='block_1_6' title="bbox 610 903 863 944">
    <p class='ocr_par' dir='ltr' id='par_1_6' title="bbox 610 903 863 944">
     <span class='ocr_line' id='line_1_6' title="bbox 610 903 863 944; baseline 0.008 -2"><span class='ocrx_word' id='word_1_11' title='bbox 610 903 777 943; x_wconf 84' lang='lat' dir='ltr'><strong>LIBER</strong></span> <span class='ocrx_word' id='word_1_12' title='bbox 830 907 863 944; x_wconf 89' lang='grc' dir='ltr'>Ι.</span> 
     </span>
    </p>
   </div>
   <div class='ocr_carea' id='block_1_7' title="bbox 160 1014 1366 2404">
    <p class='ocr_par' dir='ltr' id='par_1_7' title="bbox 161 1014 1366 1977">
     <span class='ocr_line' id='line_1_7' title="bbox 220 1014 1309 1056; baseline 0.005 -6"><span class='ocrx_word' id='word_1_13' title='bbox 220 1014 253 1051; x_wconf 92' lang='grc' dir='ltr'>Ι.</span> <span class='ocrx_word' id='word_1_14' title='bbox 306 1014 523 1053; x_wconf 85' lang='lat' dir='ltr'>LITERIS</span> <span class='ocrx_word' id='word_1_15' title='bbox 552 1027 574 1052; x_wconf 90' lang='lat' dir='ltr'>a</span> <span class='ocrx_word' id='word_1_16' title='bbox 592 1014 710 1052; x_wconf 72' lang='lat' dir='ltr'>‘Fabio</span> <span class='ocrx_word' id='word_1_17' title='bbox 728 1016 775 1053; x_wconf 88' lang='lat' dir='ltr'>C.</span> <span class='ocrx_word' id='word_1_18' title='bbox 795 1016 970 1054; x_wconf 81' lang='lat' dir='ltr'>Caesaris</span> <span class='ocrx_word' id='word_1_19' title='bbox 989 1017 1209 1055; x_wconf 81' lang='lat' dir='ltr'>consulibus</span> <span class='ocrx_word' id='word_1_20' title='bbox 1224 1017 1309 1056; x_wconf 80' lang='lat' dir='ltr'>red·</span> 
     </span>
     <span class='ocr_line' id='line_1_8' title="bbox 165 1075 1307 1127; baseline 0.003 -14"><span class='ocrx_word' id='word_1_21' title='bbox 165 1075 270 1122; x_wconf 83' lang='lat' dir='ltr'>ditis,</span> <span class='ocrx_word' id='word_1_22' title='bbox 290 1087 404 1126; x_wconf 80' lang='lat' dir='ltr'>aegre</span> <span class='ocrx_word' id='word_1_23' title='bbox 425 1077 471 1114; x_wconf 88' lang='lat' dir='ltr'>ab</span> <span class='ocrx_word' id='word_1_24' title='bbox 492 1077 536 1113; x_wconf 80' lang='lat' dir='ltr'>iis</span> <span class='ocrx_word' id='word_1_25' title='bbox 552 1076 798 1127; x_wconf 87' lang='lat' dir='ltr'>impetratum</span> <span class='ocrx_word' id='word_1_26' title='bbox 813 1085 884 1124; x_wconf 86' lang='lat' dir='ltr'>est,</span> <span class='ocrx_word' id='word_1_27' title='bbox 905 1091 1051 1115; x_wconf 84' lang='lat' dir='ltr'>summa</span> <span class='ocrx_word' id='word_1_28' title='bbox 1065 1079 1307 1116; x_wconf 79' lang='lat' dir='ltr'>tribunorum</span> 
     </span>
     <span class='ocr_line' id='line_1_9' title="bbox 166 1137 1310 1187; baseline 0.003 -14"><span class='ocrx_word' id='word_1_29' title='bbox 166 1137 290 1187; x_wconf 83' lang='lat' dir='ltr'>plebis</span> <span class='ocrx_word' id='word_1_30' title='bbox 309 1137 572 1183; x_wconf 85' lang='lat' dir='ltr'>contentione,</span> <span class='ocrx_word' id='word_1_31' title='bbox 593 1143 636 1173; x_wconf 83' lang='lat' dir='ltr'>ut</span> <span class='ocrx_word' id='word_1_32' title='bbox 654 1137 693 1174; x_wconf 84' lang='lat' dir='ltr'>in</span> <span class='ocrx_word' id='word_1_33' title='bbox 708 1145 843 1175; x_wconf 83' lang='lat' dir='ltr'>senatu</span> <span class='ocrx_word' id='word_1_34' title='bbox 858 1139 1137 1176; x_wconf 80' lang='lat' dir='ltr'>recitarentur:</span> <span class='ocrx_word' id='word_1_35' title='bbox 1157 1146 1200 1176; x_wconf 87' lang='lat' dir='ltr'>ut</span> <span class='ocrx_word' id='word_1_36' title='bbox 1213 1151 1310 1177; x_wconf 75' lang='lat' dir='ltr'>vero</span> 
     </span>
     <span class='ocr_line' id='line_1_10' title="bbox 163 1198 1306 1251; baseline 0.003 -17"><span class='ocrx_word' id='word_1_37' title='bbox 163 1211 214 1234; x_wconf 86' lang='lat' dir='ltr'>ex</span> <span class='ocrx_word' id='word_1_38' title='bbox 234 1198 352 1235; x_wconf 85' lang='lat' dir='ltr'>literis</span> <span class='ocrx_word' id='word_1_39' title='bbox 367 1198 414 1235; x_wconf 83' lang='lat' dir='ltr'>ad</span> <span class='ocrx_word' id='word_1_40' title='bbox 430 1206 603 1235; x_wconf 85' lang='lat' dir='ltr'>senatum</span> <span class='ocrx_word' id='word_1_41' title='bbox 623 1198 844 1244; x_wconf 80' lang='lat' dir='ltr'>referretur,</span> <span class='ocrx_word' id='word_1_42' title='bbox 864 1199 1059 1249; x_wconf 80' lang='lat' dir='ltr'>impetrari</span> <span class='ocrx_word' id='word_1_43' title='bbox 1075 1212 1149 1237; x_wconf 83' lang='lat' dir='ltr'>non</span> <span class='ocrx_word' id='word_1_44' title='bbox 1165 1201 1306 1251; x_wconf 73' lang='lat' dir='ltr'>potuit·-</span> 
     </span>
     <span class='ocr_line' id='line_1_11' title="bbox 167 1257 1309 1309; baseline 0.002 -14"><span class='ocrx_word' id='word_1_45' title='bbox 167 1257 358 1295; x_wconf 76' lang='lat' dir='ltr'>Referunt</span> <span class='ocrx_word' id='word_1_46' title='bbox 376 1259 553 1296; x_wconf 84' lang='lat' dir='ltr'>consules</span> <span class='ocrx_word' id='word_1_47' title='bbox 567 1259 615 1295; x_wconf 90' lang='lat' dir='ltr'>de</span> <span class='ocrx_word' id='word_1_48' title='bbox 634 1259 831 1309; x_wconf 82' lang='lat' dir='ltr'>republica</span> <span class='ocrx_word' id='word_1_49' title='bbox 852 1259 913 1308; x_wconf 88' lang='lat' dir='ltr'>[in</span> <span class='ocrx_word' id='word_1_50' title='bbox 931 1259 1108 1308; x_wconf 89' lang='lat' dir='ltr'>civitate]</span> <span class='ocrx_word' id='word_1_51' title='bbox 1144 1260 1191 1298; x_wconf 87' lang='lat' dir='ltr'>L.</span> <span class='ocrx_word' id='word_1_52' title='bbox 1207 1260 1309 1297; x_wconf 89' lang='lat' dir='ltr'>Len·-</span> 
     </span>
     <span class='ocr_line' id='line_1_12' title="bbox 162 1318 1308 1370; baseline 0.001 -14"><span class='ocrx_word' id='word_1_53' title='bbox 162 1319 266 1356; x_wconf 86' lang='lat' dir='ltr'>tu·lus</span> <span class='ocrx_word' id='word_1_54' title='bbox 285 1319 421 1357; x_wconf 85' lang='lat' dir='ltr'>consu-l</span> <span class='ocrx_word' id='word_1_55' title='bbox 440 1327 575 1356; x_wconf 85' lang='lat' dir='ltr'>senatu</span> <span class='ocrx_word' id='word_1_56' title='bbox 589 1319 723 1369; x_wconf 88' lang='lat' dir='ltr'>reique</span> <span class='ocrx_word' id='word_1_57' title='bbox 739 1319 916 1370; x_wconf 85' lang='lat' dir='ltr'>publicae</span> <span class='ocrx_word' id='word_1_58' title='bbox 931 1332 971 1356; x_wconf 88' lang='lat' dir='ltr'>se</span> <span class='ocrx_word' id='word_1_59' title='bbox 988 1332 1065 1356; x_wconf 87' lang='lat' dir='ltr'>non</span> <span class='ocrx_word' id='word_1_60' title='bbox 1085 1318 1308 1357; x_wconf 85' lang='lat' dir='ltr'>defuturum</span> 
     </span>
     <span class='ocr_line' id='line_1_13' title="bbox 163 1378 1308 1430; baseline 0.001 -14"><span class='ocrx_word' id='word_1_61' title='bbox 163 1379 383 1430; x_wconf 83' lang='lat' dir='ltr'>pollicetur,</span> <span class='ocrx_word' id='word_1_62' title='bbox 399 1380 429 1417; x_wconf 86' lang='lat' dir='ltr'>si</span> <span class='ocrx_word' id='word_1_63' title='bbox 449 1380 634 1417; x_wconf 83' lang='lat' dir='ltr'>audacter</span> <span class='ocrx_word' id='word_1_64' title='bbox 648 1392 694 1417; x_wconf 91' lang='lat' dir='ltr'>ac</span> <span class='ocrx_word' id='word_1_65' title='bbox 708 1378 858 1417; x_wconf 87' lang='lat' dir='ltr'>fortiter</span> <span class='ocrx_word' id='word_1_66' title='bbox 876 1379 1084 1417; x_wconf 85' lang='lat' dir='ltr'>sententias</span> <span class='ocrx_word' id='word_1_67' title='bbox 1099 1380 1228 1417; x_wconf 88' lang='lat' dir='ltr'>dicere</span> <span class='ocrx_word' id='word_1_68' title='bbox 1243 1393 1308 1418; x_wconf 87' lang='lat' dir='ltr'>ve·</span> 
     </span>
     <span class='ocr_line' id='line_1_14' title="bbox 165 1439 1307 1491; baseline 0.003 -15"><span class='ocrx_word' id='word_1_69' title='bbox 165 1440 262 1478; x_wconf 76' lang='lat' dir='ltr'>lint:</span> <span class='ocrx_word' id='word_1_70' title='bbox 289 1441 347 1478; x_wconf 86' lang='lat' dir='ltr'>sin</span> <span class='ocrx_word' id='word_1_71' title='bbox 363 1441 572 1478; x_wconf 82' lang='lat' dir='ltr'>Caesarem</span> <span class='ocrx_word' id='word_1_72' title='bbox 591 1439 811 1490; x_wconf 74' lang='lat' dir='ltr'>respiciant,</span> <span class='ocrx_word' id='word_1_73' title='bbox 831 1447 945 1491; x_wconf 86' lang='lat' dir='ltr'>atque</span> <span class='ocrx_word' id='word_1_74' title='bbox 966 1442 1048 1490; x_wconf 89' lang='lat' dir='ltr'>ejus</span> <span class='ocrx_word' id='word_1_75' title='bbox 1066 1441 1228 1491; x_wconf 77' lang='lat' dir='ltr'>gratIam</span> <span class='ocrx_word' id='word_1_76' title='bbox 1248 1455 1307 1479; x_wconf 87' lang='lat' dir='ltr'>se·</span> 
     </span>
     <span class='ocr_line' id='line_1_15' title="bbox 165 1501 1366 1553; baseline -0.001 -14"><span class='ocrx_word' id='word_1_77' title='bbox 165 1508 347 1553; x_wconf 84' lang='lat' dir='ltr'>quantur,</span> <span class='ocrx_word' id='word_1_78' title='bbox 376 1509 416 1539; x_wconf 90' lang='lat' dir='ltr'>ut</span> <span class='ocrx_word' id='word_1_79' title='bbox 436 1501 695 1552; x_wconf 85' lang='lat' dir='ltr'>superioribus</span> <span class='ocrx_word' id='word_1_80' title='bbox 714 1501 879 1539; x_wconf 88' lang='lat' dir='ltr'>fecerint</span> <span class='ocrx_word' id='word_1_81' title='bbox 897 1501 1148 1552; x_wconf 76' lang='lat' dir='ltr'>temporibus,</span> <span class='ocrx_word' id='word_1_82' title='bbox 1173 1514 1213 1539; x_wconf 89' lang='lat' dir='ltr'>se</span> <span class='ocrx_word' id='word_1_83' title='bbox 1233 1501 1306 1539; x_wconf 86' lang='lat' dir='ltr'>sibi</span> <span class='ocrx_word' id='word_1_84' title='bbox 1362 1526 1366 1530; x_wconf 59' lang='lat'>=</span> 
     </span>
     <span class='ocr_line' id='line_1_16' title="bbox 163 1561 1304 1613; baseline 0 -13"><span class='ocrx_word' id='word_1_85' title='bbox 163 1563 367 1601; x_wconf 85' lang='lat' dir='ltr'>consilium</span> <span class='ocrx_word' id='word_1_86' title='bbox 384 1570 598 1613; x_wconf 86' lang='lat' dir='ltr'>capturum,</span> <span class='ocrx_word' id='word_1_87' title='bbox 615 1574 740 1612; x_wconf 88' lang='lat' dir='ltr'>neque</span> <span class='ocrx_word' id='word_1_88' title='bbox 755 1569 909 1599; x_wconf 85' lang='lat' dir='ltr'>senatus</span> <span class='ocrx_word' id='word_1_89' title='bbox 924 1561 1143 1599; x_wconf 82' lang='lat' dir='ltr'>auctoritati</span> <span class='ocrx_word' id='word_1_90' title='bbox 1157 1563 1304 1600; x_wconf 86' lang='lat' dir='ltr'>obtem-</span> 
     </span>
     <span class='ocr_line' id='line_1_17' title="bbox 164 1621 1304 1675; baseline -0.003 -14"><span class='ocrx_word' id='word_1_91' title='bbox 164 1630 414 1675; x_wconf 76' lang='lat' dir='ltr'>peraturum3</span> <span class='ocrx_word' id='word_1_92' title='bbox 446 1622 587 1660; x_wconf 82' lang='lat' dir='ltr'>habere</span> <span class='ocrx_word' id='word_1_93' title='bbox 613 1634 655 1659; x_wconf 85' lang='lat' dir='ltr'>se</span> <span class='ocrx_word' id='word_1_94' title='bbox 683 1634 838 1672; x_wconf 86' lang='lat' dir='ltr'>quoque</span> <span class='ocrx_word' id='word_1_95' title='bbox 865 1621 912 1659; x_wconf 89' lang='lat' dir='ltr'>ad</span> <span class='ocrx_word' id='word_1_96' title='bbox 938 1622 1114 1659; x_wconf 88' lang='lat' dir='ltr'>Caesaris</span> <span class='ocrx_word' id='word_1_97' title='bbox 1142 1622 1304 1673; x_wconf 80' lang='lat' dir='ltr'>gratiam</span> 
     </span>
     <span class='ocr_line' id='line_1_18' title="bbox 161 1682 1306 1735; baseline -0.002 -13"><span class='ocrx_word' id='word_1_98' title='bbox 161 1691 277 1735; x_wconf 87' lang='lat' dir='ltr'>atque</span> <span class='ocrx_word' id='word_1_99' title='bbox 305 1684 512 1722; x_wconf 86' lang='lat' dir='ltr'>amicitiam</span> <span class='ocrx_word' id='word_1_100' title='bbox 542 1690 752 1733; x_wconf 77' lang='lat' dir='ltr'>receptu—m.</span> <span class='ocrx_word' id='word_1_101' title='bbox 820 1682 866 1719; x_wconf 91' lang='lat' dir='ltr'>In</span> <span class='ocrx_word' id='word_1_102' title='bbox 896 1683 1057 1719; x_wconf 89' lang='lat' dir='ltr'>eandem</span> <span class='ocrx_word' id='word_1_103' title='bbox 1077 1683 1306 1720; x_wconf 79' lang='lat' dir='ltr'>sententiam</span> 
     </span>
     <span class='ocr_line' id='line_1_19' title="bbox 161 1743 1302 1796; baseline -0.001 -14"><span class='ocrx_word' id='word_1_104' title='bbox 161 1744 333 1796; x_wconf 83' lang='lat' dir='ltr'>loquitur</span> <span class='ocrx_word' id='word_1_105' title='bbox 366 1744 520 1794; x_wconf 89' lang='lat' dir='ltr'>Scipio:</span> <span class='ocrx_word' id='word_1_106' title='bbox 549 1743 734 1794; x_wconf 89' lang='lat' dir='ltr'>Pompeio</span> <span class='ocrx_word' id='word_1_107' title='bbox 754 1755 837 1780; x_wconf 83' lang='lat' dir='ltr'>esse</span> <span class='ocrx_word' id='word_1_108' title='bbox 856 1743 894 1780; x_wconf 91' lang='lat' dir='ltr'>in</span> <span class='ocrx_word' id='word_1_109' title='bbox 921 1743 1047 1780; x_wconf 88' lang='lat' dir='ltr'>ani-mo</span> <span class='ocrx_word' id='word_1_110' title='bbox 1066 1744 1302 1794; x_wconf 86' lang='lat' dir='ltr'>reipublicae</span> 
     </span>
     <span class='ocr_line' id='line_1_20' title="bbox 162 1804 1306 1855; baseline -0.002 -12"><span class='ocrx_word' id='word_1_111' title='bbox 162 1819 244 1843; x_wconf 88' lang='lat' dir='ltr'>non</span> <span class='ocrx_word' id='word_1_112' title='bbox 263 1806 410 1851; x_wconf 86' lang='lat' dir='ltr'>deesse,</span> <span class='ocrx_word' id='word_1_113' title='bbox 430 1805 461 1842; x_wconf 87' lang='lat' dir='ltr'>si</span> <span class='ocrx_word' id='word_1_114' title='bbox 477 1810 631 1842; x_wconf 89' lang='lat' dir='ltr'>senatus</span> <span class='ocrx_word' id='word_1_115' title='bbox 649 1810 856 1855; x_wconf 84' lang='lat' dir='ltr'>sequatur;</span> <span class='ocrx_word' id='word_1_116' title='bbox 875 1804 932 1840; x_wconf 86' lang='lat' dir='ltr'>sin</span> <span class='ocrx_word' id='word_1_117' title='bbox 952 1810 1170 1850; x_wconf 83' lang='lat' dir='ltr'>cunctetur,</span> <span class='ocrx_word' id='word_1_118' title='bbox 1190 1812 1306 1855; x_wconf 83' lang='lat' dir='ltr'>atque</span> 
     </span>
     <span class='ocr_line' id='line_1_21' title="bbox 161 1864 1307 1917; baseline -0.001 -13"><span class='ocrx_word' id='word_1_119' title='bbox 161 1874 256 1917; x_wconf 78' lang='lat' dir='ltr'>agat</span> <span class='ocrx_word' id='word_1_120' title='bbox 274 1866 413 1912; x_wconf 86' lang='lat' dir='ltr'>lenius,</span> <span class='ocrx_word' id='word_1_121' title='bbox 433 1865 690 1916; x_wconf 83' lang='lat' dir='ltr'>nequidquam</span> <span class='ocrx_word' id='word_1_122' title='bbox 710 1866 793 1914; x_wconf 80' lang='lat' dir='ltr'>ejus</span> <span class='ocrx_word' id='word_1_123' title='bbox 812 1865 1011 1911; x_wconf 85' lang='lat' dir='ltr'>auxi-lium,</span> <span class='ocrx_word' id='word_1_124' title='bbox 1039 1864 1070 1902; x_wconf 88' lang='lat' dir='ltr'>si</span> <span class='ocrx_word' id='word_1_125' title='bbox 1088 1871 1225 1915; x_wconf 86' lang='lat' dir='ltr'>postea</span> <span class='ocrx_word' id='word_1_126' title='bbox 1241 1879 1307 1904; x_wconf 91' lang='lat' dir='ltr'>ve·</span> 
     </span>
     <span class='ocr_line' id='line_1_22' title="bbox 167 1919 760 1977; baseline -0.003 -13"><span class='ocrx_word' id='word_1_127' title='bbox 167 1927 226 1973; x_wconf 89' lang='lat' dir='ltr'>lit,</span> <span class='ocrx_word' id='word_1_128' title='bbox 254 1919 433 1964; x_wconf 32' lang='lat' dir='ltr'>&#39;senatum</span> <span class='ocrx_word' id='word_1_129' title='bbox 453 1926 760 1977; x_wconf 86' lang='lat' dir='ltr'>imploraturum.</span> 
     </span>
    </p>

    <p class='ocr_par' dir='ltr' id='par_1_8' title="bbox 160 1986 1309 2404">
     <span class='ocr_line' id='line_1_23' title="bbox 213 1986 1305 2038; baseline 0.001 -14"><span class='ocrx_word' id='word_1_130' title='bbox 213 1988 269 2024; x_wconf 84' lang='lat'>11.</span> <span class='ocrx_word' id='word_1_131' title='bbox 323 1987 435 2024; x_wconf 83' lang='lat' dir='ltr'>Haec</span> <span class='ocrx_word' id='word_1_132' title='bbox 467 1986 657 2037; x_wconf 86' lang='lat' dir='ltr'>Scipionis</span> <span class='ocrx_word' id='word_1_133' title='bbox 677 1986 812 2033; x_wconf 79' lang='lat' dir='ltr'>oratio,</span> <span class='ocrx_word' id='word_1_134' title='bbox 848 1987 951 2038; x_wconf 83' lang='lat' dir='ltr'>quod</span> <span class='ocrx_word' id='word_1_135' title='bbox 979 1994 1132 2024; x_wconf 83' lang='lat' dir='ltr'>senatus</span> <span class='ocrx_word' id='word_1_136' title='bbox 1152 1987 1190 2023; x_wconf 86' lang='lat' dir='ltr'>in</span> <span class='ocrx_word' id='word_1_137' title='bbox 1211 1987 1305 2025; x_wconf 89' lang='lat' dir='ltr'>urbe</span> 
     </span>
     <span class='ocr_line' id='line_1_24' title="bbox 164 2048 1307 2100; baseline -0.001 -15"><span class='ocrx_word' id='word_1_138' title='bbox 164 2049 392 2094; x_wconf 83' lang='lat' dir='ltr'>habebatur,</span> <span class='ocrx_word' id='word_1_139' title='bbox 425 2048 708 2100; x_wconf 85' lang='lat' dir='ltr'>Pompeiusque</span> <span class='ocrx_word' id='word_1_140' title='bbox 728 2049 873 2094; x_wconf 78' lang='lat' dir='ltr'>aderat,</span> <span class='ocrx_word' id='word_1_141' title='bbox 902 2061 951 2086; x_wconf 89' lang='lat' dir='ltr'>ex</span> <span class='ocrx_word' id='word_1_142' title='bbox 971 2049 1088 2099; x_wconf 84' lang='lat' dir='ltr'>ipsius</span> <span class='ocrx_word' id='word_1_143' title='bbox 1109 2062 1173 2086; x_wconf 91' lang='lat' dir='ltr'>ore</span> <span class='ocrx_word' id='word_1_144' title='bbox 1194 2048 1307 2086; x_wconf 88' lang='lat' dir='ltr'>Pom-</span> 
     </span>
     <span class='ocr_line' id='line_1_25' title="bbox 160 2105 1308 2161; baseline -0.001 -14"><span class='ocrx_word' id='word_1_145' title='bbox 160 2105 239 2161; x_wconf 78' lang='lat' dir='ltr'>·peii</span> <span class='ocrx_word' id='word_1_146' title='bbox 261 2109 360 2147; x_wconf 90' lang='lat' dir='ltr'>mitti</span> <span class='ocrx_word' id='word_1_147' title='bbox 387 2109 599 2146; x_wconf 83' lang='lat' dir='ltr'>videbatur.</span> <span class='ocrx_word' id='word_1_148' title='bbox 653 2110 819 2146; x_wconf 83' lang='lat' dir='ltr'>Dixerat</span> <span class='ocrx_word' id='word_1_149' title='bbox 847 2110 983 2161; x_wconf 89' lang='lat' dir='ltr'>aliquis</span> <span class='ocrx_word' id='word_1_150' title='bbox 1011 2110 1195 2147; x_wconf 85' lang='lat' dir='ltr'>leniorem</span> <span class='ocrx_word' id='word_1_151' title='bbox 1222 2122 1308 2147; x_wconf 90' lang='lat' dir='ltr'>sen-</span> 
     </span>
     <span class='ocr_line' id='line_1_26' title="bbox 165 2170 1308 2222; baseline -0.001 -14"><span class='ocrx_word' id='word_1_152' title='bbox 165 2171 342 2217; x_wconf 80' lang='lat' dir='ltr'>tentiam,</span> <span class='ocrx_word' id='word_1_153' title='bbox 372 2178 414 2208; x_wconf 89' lang='lat' dir='ltr'>ut</span> <span class='ocrx_word' id='word_1_154' title='bbox 440 2170 562 2221; x_wconf 88' lang='lat' dir='ltr'>primo</span> <span class='ocrx_word' id='word_1_155' title='bbox 595 2170 653 2207; x_wconf 89' lang='lat' dir='ltr'>M.</span> <span class='ocrx_word' id='word_1_156' title='bbox 680 2170 904 2217; x_wconf 88' lang='lat' dir='ltr'>Marcellus,</span> <span class='ocrx_word' id='word_1_157' title='bbox 938 2171 1128 2222; x_wconf 77' lang='lat' dir='ltr'>ingressus</span> <span class='ocrx_word' id='word_1_158' title='bbox 1156 2171 1195 2207; x_wconf 90' lang='lat' dir='ltr'>in</span> <span class='ocrx_word' id='word_1_159' title='bbox 1223 2182 1308 2208; x_wconf 88' lang='lat' dir='ltr'>eam</span> 
     </span>
     <span class='ocr_line' id='line_1_27' title="bbox 165 2231 1307 2282; baseline 0.002 -15"><span class='ocrx_word' id='word_1_160' title='bbox 165 2231 391 2276; x_wconf 88' lang='lat' dir='ltr'>orationem,</span> <span class='ocrx_word' id='word_1_161' title='bbox 425 2244 502 2268; x_wconf 88' lang='lat' dir='ltr'>non</span> <span class='ocrx_word' id='word_1_162' title='bbox 522 2239 700 2282; x_wconf 83' lang='lat' dir='ltr'>oportere</span> <span class='ocrx_word' id='word_1_163' title='bbox 729 2239 816 2269; x_wconf 84' lang='lat' dir='ltr'>ante</span> <span class='ocrx_word' id='word_1_164' title='bbox 838 2233 885 2270; x_wconf 88' lang='lat' dir='ltr'>de</span> <span class='ocrx_word' id='word_1_165' title='bbox 914 2245 958 2270; x_wconf 87' lang='lat' dir='ltr'>ea</span> <span class='ocrx_word' id='word_1_166' title='bbox 986 2245 1027 2270; x_wconf 89' lang='lat' dir='ltr'>re</span> <span class='ocrx_word' id='word_1_167' title='bbox 1057 2233 1105 2270; x_wconf 86' lang='lat' dir='ltr'>ad</span> <span class='ocrx_word' id='word_1_168' title='bbox 1133 2239 1307 2269; x_wconf 82' lang='lat' dir='ltr'>senatum</span> 
     </span>
     <span class='ocr_line' id='line_1_28' title="bbox 166 2290 1309 2342; baseline 0.003 -15"><span class='ocrx_word' id='word_1_169' title='bbox 166 2290 315 2336; x_wconf 86' lang='lat' dir='ltr'>referri,</span> <span class='ocrx_word' id='word_1_170' title='bbox 351 2303 467 2342; x_wconf 85' lang='lat' dir='ltr'>quam</span> <span class='ocrx_word' id='word_1_171' title='bbox 486 2290 648 2328; x_wconf 75' lang='lat' dir='ltr'>dilectus</span> <span class='ocrx_word' id='word_1_172' title='bbox 667 2298 750 2329; x_wconf 86' lang='lat' dir='ltr'>tota</span> <span class='ocrx_word' id='word_1_173' title='bbox 768 2291 879 2329; x_wconf 82' lang='lat' dir='ltr'>Italia</span> <span class='ocrx_word' id='word_1_174' title='bbox 905 2293 1024 2330; x_wconf 85' lang='lat' dir='ltr'>habiti</span> <span class='ocrx_word' id='word_1_175' title='bbox 1045 2300 1083 2330; x_wconf 89' lang='lat' dir='ltr'>et</span> <span class='ocrx_word' id='word_1_176' title='bbox 1111 2292 1309 2330; x_wconf 85' lang='lat' dir='ltr'>exercitus</span> 
     </span>
     <span class='ocr_line' id='line_1_29' title="bbox 168 2352 1306 2404; baseline 0.001 -14"><span class='ocrx_word' id='word_1_177' title='bbox 168 2352 378 2404; x_wconf 79' lang='lat' dir='ltr'>conscripti</span> <span class='ocrx_word' id='word_1_178' title='bbox 390 2359 537 2398; x_wconf 78' lang='lat' dir='ltr'>essent3</span> <span class='ocrx_word' id='word_1_179' title='bbox 552 2365 632 2404; x_wconf 85' lang='lat' dir='ltr'>quo</span> <span class='ocrx_word' id='word_1_180' title='bbox 645 2352 836 2403; x_wconf 84' lang='lat' dir='ltr'>praesidio</span> <span class='ocrx_word' id='word_1_181' title='bbox 850 2360 936 2391; x_wconf 86' lang='lat' dir='ltr'>tuto</span> <span class='ocrx_word' id='word_1_182' title='bbox 951 2361 991 2392; x_wconf 89' lang='lat' dir='ltr'>et</span> <span class='ocrx_word' id='word_1_183' title='bbox 1005 2353 1125 2392; x_wconf 84' lang='lat' dir='ltr'>libere</span> <span class='ocrx_word' id='word_1_184' title='bbox 1139 2361 1306 2400; x_wconf 81' lang='lat' dir='ltr'>senatus,</span> 
     </span>
    </p>
   </div>
  </div>
 </body>
</html>
