1556 2683
252 281 306 324 48
563 278 640 321 DE
679 276 861 321 BELLO
901 282 1149 322 GALLICO

251 387 400 426 Eadem
421 394 550 426 autem
571 387 772 425 celeritate
806 387 967 424 adverso
988 386 1087 425 colle
1107 387 1155 424 ad
1174 394 1304 425 nostra
1324 392 1406 425 cas=

251 456 324 496 tra,
357 458 472 500 atque
492 462 573 495 eos,
607 449 672 500 qui
692 449 730 486 in
751 461 870 500 opere
890 449 1072 499 occupati
1092 456 1217 495 erant,
1246 457 1406 488 conten-

251 511 404 548 derunt.

305 572 394 609 XX.
462 572 620 610 Caesari
651 571 782 609 omnia
800 584 878 609 uno
897 578 1073 622 tempore
1106 580 1214 611 erant
1233 574 1409 623 agenda:

250 633 434 670 vexillum
454 633 763 684 proponendum,
798 632 902 683 quod
921 639 1004 669 erat
1023 632 1188 683 insigne,
1219 647 1337 684 quum
1357 633 1406 670 ad

250 707 354 732 arma
376 695 554 733 concurri
576 701 799 745 oporteret:
833 694 984 744 signum
1019 695 1112 732 tuba
1131 695 1299 733 dandum
1318 710 1326 731 :
1358 695 1405 732 ab

251 768 368 806 opere
388 756 595 794 revocandi
615 755 777 793 milites:
805 755 870 805 qui
897 754 1026 805 paullo
1056 755 1222 805 longius,
1254 756 1407 806 aggeris

247 817 405 868 petendi
420 830 568 862 caussa,
582 825 866 867 processerant,
886 816 1125 853 arcessendi:
1145 817 1248 854 acies
1265 817 1405 854 instru-

252 878 374 916 enda:
395 879 537 916 milites
557 878 804 916 cohortandi:
824 877 976 927 signum
997 877 1179 915 dandum.
1234 880 1408 921 Quarum

254 952 385 976 rerum
405 953 585 990 magnam
603 946 751 989 partem
772 938 955 987 temporis
980 938 1162 983 brevitas,
1195 945 1235 975 et
1252 951 1407 976 succes-

249 1012 328 1045 sus,
362 1007 401 1037 et
423 1000 598 1037 incursus
631 999 799 1037 hostium
821 996 1067 1048 impediebat.
1111 999 1185 1036 His
1205 998 1408 1037 difficulta-

246 1062 349 1099 tibus
370 1062 468 1099 duae
485 1075 543 1099 res
560 1069 668 1099 erant
682 1060 866 1105 subsidio,
886 1060 1050 1098 scientia
1069 1068 1186 1111 atque
1203 1074 1293 1098 usus
1305 1061 1405 1098 mili·

246 1130 343 1168 tum,
364 1123 481 1174 quod,
503 1122 764 1173 superioribus
783 1121 938 1172 proeliis
959 1123 1178 1168 exercitati,
1211 1122 1303 1173 quid
1322 1123 1406 1160 fieri

244 1193 458 1236 oporteret,
478 1198 555 1222 non
577 1184 699 1221 minus
720 1183 921 1221 commode
938 1183 1008 1234 ipsi
1028 1184 1098 1220 sibi
1118 1184 1398 1234 praescribere,

248 1260 362 1298 quam
392 1248 440 1284 ab
473 1247 556 1284 ali1s
589 1246 733 1291 doceri,
765 1251 970 1295 poterant;
1002 1251 1042 1282 et
1073 1244 1177 1295 quod
1211 1246 1258 1282 ab
1286 1258 1403 1295 opere

245 1309 483 1359 singulisque
509 1307 726 1357 legionibus
747 1305 919 1356 singulos
938 1306 1089 1356 legatos
1111 1307 1252 1344 Caesar
1282 1307 1406 1344 disce-

245 1370 353 1415 dere,
374 1369 447 1406 nisi
465 1369 622 1406 munitis
638 1368 786 1414 castris,
808 1375 995 1405 vetuerat.
1050 1364 1119 1414 Hi,
1139 1375 1298 1418 propter
1316 1381 1405 1419 pro-

243 1429 503 1481 pinquitatem
536 1437 573 1467 et
593 1429 833 1466 celeritatem
855 1427 1038 1474 hostium,
1069 1428 1162 1465 nihil
1193 1431 1273 1479 jam
1309 1430 1408 1467 Cae-

244 1491 338 1529 saris
359 1491 560 1541 imperium
579 1490 808 1541 spectabant
823 1504 833 1534 ;
851 1488 921 1526 sed
936 1502 1006 1540 per
1024 1502 1080 1536 se,
1100 1503 1199 1541 quae
1219 1490 1405 1528 videban-

244 1557 322 1596 tur,
342 1552 676 1589 administrabant.

298 1612 407 1650 XXI.
464 1614 620 1659 Caesar,
651 1612 879 1650 necessariis
898 1613 1013 1651 rebus
1032 1613 1241 1665 imperatis,
1268 1614 1317 1652 ad
1337 1627 1402 1652 co-

242 1673 455 1713 hortandos
475 1675 629 1721 milites,
651 1687 763 1725 quam
786 1674 822 1711 in
839 1681 988 1724 partem
1009 1674 1088 1712 fors
1108 1675 1262 1721 obtulit,
1283 1676 1403 1714 decu-

244 1736 388 1780 currit;
413 1746 454 1774 et
473 1737 523 1774 ad
538 1737 731 1786 legionem
748 1735 938 1773 decimam
959 1736 1127 1774 devenit.
1156 1737 1306 1776 Milites
1325 1751 1404 1776 non

243 1795 419 1847 longiore
439 1798 615 1835 oratione
636 1797 875 1842 cohortatus,
896 1810 1009 1847 quani
1032 1798 1087 1834 uti
1107 1810 1199 1836 suae
1217 1798 1405 1849 pristinae

242 1857 396 1896 virtutis
415 1858 638 1897 memoriam
672 1858 897 1902 retinerent,
928 1871 1003 1896 neu
1023 1860 1343 1909 perturbarentur
1363 1873 1404 1898 a-

244 1918 365 1964 nimo,
382 1917 629 1968 hostIumque
650 1918 836 1969 impetum
856 1918 1009 1956 fortiter
1022 1919 1281 1962 sustinerent;
1299 1921 1404 1972 quod

243 1992 322 2017 non
353 1979 506 2030 longius
541 1981 670 2018 hostes
702 1980 877 2026 aberant,
911 1994 1025 2031 quam
1046 1995 1121 2032 quo
1142 1982 1260 2020 telum
1286 1983 1403 2033 adjici

243 2049 390 2093 posset,
418 2042 553 2092 proelii
576 2042 843 2080 committendi
862 2042 1014 2092 signum
1036 2043 1167 2080 dedit:
1201 2051 1332 2094 atque,
1363 2044 1403 2081 in

244 2103 405 2141 alteram
437 2112 586 2154 partem
627 2104 718 2141 item
757 2104 986 2142 cohortandi
1019 2117 1153 2142 caussa
1190 2105 1404 2155 profectus,

242 2166 505 2215 pugnantibus
525 2166 707 2204 occurrit.
763 2166 966 2216 Temporis
982 2173 1089 2204 tanta
1104 2166 1177 2203 fuit
1194 2167 1403 2217 exiguitas,

243 2226 491 2278 hostiumque
518 2235 596 2264 tarn
618 2235 772 2278 paratus
800 2227 849 2264 ad
882 2227 1142 2265 dimicandum
1163 2229 1325 2274 animus,
1363 2236 1405 2267 ut

245 2301 323 2325 non
344 2290 459 2326 modo
479 2289 528 2327 ad
546 2289 712 2340 insignia
741 2289 1083 2336 accommodanda,
1114 2290 1182 2327 sed
1203 2291 1319 2327 etiam
1352 2290 1403 2328 ad

243 2349 375 2400 galeas
407 2350 636 2398 induendas,
671 2352 869 2402 scutisque
902 2352 1115 2402 tegimenta
1147 2352 1402 2396 detrahenda.
