1556 2683
527 320 693 358 LIBER
746 320 857 358 VIII.
1192 323 1267 362 227

123 425 245 463 cultas
265 425 432 462 daretur.
485 424 572 475 Ipse
592 425 757 475 reliquas
786 424 960 462 civitates
979 423 1082 460 adit:
1114 424 1267 462 obsides

121 486 248 536 plures
262 486 422 536 imperat
439 499 447 522 ε
468 487 648 522 timentes
661 484 829 523 omnIum
847 483 992 522 animos
1008 483 1270 521 consolatione

125 554 246 584 sanat.
300 547 427 588 Quum
449 546 484 582 in
505 547 695 584 Carnutes
710 547 890 590 venisset,
923 557 1086 595 quorum
1107 544 1267 582 consilio

122 605 160 642 in
177 606 346 651 civitate,
366 607 563 657 superiore
593 606 880 644 Commentario
901 605 1042 642 Caesar
1070 606 1264 656 exposuit,

122 663 273 702 initium
295 665 384 702 belli
404 679 486 703 esse
507 673 648 711 ortum,
682 666 785 716 quod
805 665 1012 716 praecipue
1027 679 1094 702 eos
1114 673 1270 716 propter

123 725 400 763 conscientiam
430 727 523 764 facti
543 727 679 764 timere
706 726 1050 771 animadvertebat,
1071 738 1146 776 quo
1167 726 1268 763 cele-

124 786 202 823 rius
221 786 416 824 civitatem
437 795 542 825 metu
563 787 757 833 liberaret,
787 788 1000 838 principem
1021 786 1178 825 sceleris
1198 787 1268 823 illi-

125 859 181 892 us,
215 854 254 884 et
274 848 552 885 concitatorem
571 848 676 894 belli,
709 848 945 886 Gutruatum
971 848 1019 885 ad
1039 847 1269 898 supplicium

123 907 324 958 deposcit:
347 909 412 959 qui
432 909 503 946 etsi
524 922 571 946 ne
591 909 737 946 civibus
758 909 914 959 quidem
935 909 1011 946 suis
1031 922 1071 946 se
1092 909 1268 946 commit-

120 968 241 1014 tebat,
262 977 388 1007 tamen
405 970 596 1015 celeriter,
612 970 780 1007 omnium
797 982 890 1007 cura
903 970 1111 1020 quaesitus,
1127 969 1165 1006 in
1185 982 1269 1006 cas-

120 1034 180 1064 tra
212 1028 448 1078 perducitur.
503 1030 666 1080 Cogitur
695 1031 732 1066 in
762 1032 844 1080 ejus
874 1030 1103 1081 supplicium
1126 1030 1269 1068 Caesar

120 1098 255 1126 contra
283 1097 457 1128 naturam
478 1104 584 1128 suam
604 1091 772 1129 maximo
792 1091 954 1128 militum
969 1104 1159 1128 concursu
1176 1108 1184 1134 ;
1202 1092 1269 1141 qui

120 1150 170 1196 ei,
198 1151 325 1188 omnia
342 1152 514 1202 pericula
533 1160 572 1189 et
591 1152 822 1189 detrimenta
841 1152 931 1188 belli
951 1165 974 1189 a
993 1152 1186 1189 Gutruato
1207 1165 1269 1190 ac-

120 1219 248 1262 cepta,
278 1211 523 1257 referebanu
555 1213 652 1250 adeo
687 1220 730 1250 ut
758 1213 979 1250 verberibus
1008 1213 1269 1251 exanimatum

122 1285 262 1323 corpus
281 1273 407 1310 securi
426 1273 618 1311 feriretur.

171 1335 360 1372 XXXIX.
417 1335 473 1372 lbi
512 1335 656 1373 crebris
686 1335 806 1372 literis
844 1336 996 1373 Caninii
1028 1337 1071 1373 fit
1108 1335 1265 1380 certior,

121 1408 218 1447 quae
239 1396 286 1434 de
306 1396 506 1447 Drappete
528 1404 568 1434 et
597 1396 783 1434 Lucterio
811 1405 921 1448 gesta
940 1405 1082 1442 essent,
1111 1409 1267 1448 quoque

118 1457 158 1494 in
177 1457 337 1495 consilio
356 1464 627 1508 permanerent
647 1457 840 1507 oppidani.
896 1460 1069 1500 Quorum
1090 1457 1160 1494 etsi
1174 1470 1269 1508 pau-

126 1517 282 1555 citatem
303 1517 588 1562 contemnebat,
608 1525 735 1554 tamen
756 1518 1007 1567 pertinaciam
1023 1530 1161 1567 magna
1180 1530 1271 1568 poe-

120 1591 171 1616 na
188 1592 272 1616 esse
298 1578 536 1616 afficiendam
551 1578 773 1628 judicabat;
792 1592 840 1616 ne
860 1579 1036 1617 universa
1052 1578 1179 1616 Gallia
1194 1591 1273 1616 non

120 1640 288 1678 defuisse
307 1640 407 1677 vires
425 1640 496 1678 sibi
524 1640 572 1677 ad
591 1639 846 1676 resistendum
868 1640 1067 1687 Romanis,
1087 1640 1155 1677 sed
1176 1653 1270 1678 con-

121 1701 316 1747 stantiam,
346 1708 524 1752 putaret;
551 1712 649 1737 neve
669 1700 744 1737 hoc
764 1700 944 1751 exemplo
964 1707 1117 1738 ceterae
1138 1701 1272 1738 civita.-¹

120 1770 192 1809 tes,
224 1763 398 1800 locorum
419 1761 708 1812 opportunitate
735 1761 872 1807 fretae,
902 1774 943 1799 se
970 1761 1210 1798 vindicarent
1233 1762 1274 1799 in

120 1823 356 1861 libertatem:
376 1836 508 1873 quum,
527 1821 704 1859 omnibus
725 1820 847 1858 Gallis
867 1829 1015 1867 notum,
1043 1821 1174 1867 sciret,
1203 1835 1263 1859 re-

122 1885 267 1938 liquam
295 1897 379 1922 esse
398 1896 513 1921 unam
543 1890 727 1920 aestatem
760 1895 851 1920 suae
879 1883 1122 1933 provinciae;
1156 1896 1271 1933 quam

121 1946 152 1984 si
171 1946 369 1983 ‘sustinere
402 1944 631 1996 potuissent,
652 1943 797 1980 nullum
814 1943 914 1980 ultra
932 1944 1146 1994 periculum
1165 1957 1272 1982 vere-

121 2014 268 2045 rentur.
311 2006 448 2057 Itaque
469 2007 517 2048 Q.
539 2005 724 2042 Calenum
745 2005 915 2054 legatum
935 2017 1023 2042 cum
1053 2006 1270 2056 legionibus

123 2081 155 2106 11
187 2068 383 2119 relinquit,
413 2067 476 2118 qui
505 2067 619 2117 justis
648 2066 850 2103 itineribus
877 2079 918 2103 se
946 2066 1272 2117 subsequeretur:

122 2130 203 2181 ipse
224 2143 312 2168 cum
341 2129 444 2166 omni
475 2129 662 2179 equitatu,
691 2139 804 2178 quam
824 2133 953 2177 potest
981 2127 1195 2173 celerrime,
1223 2128 1273 2165 ad

124 2190 331 2230 Caninium
351 2189 566 2228 contendit.

176 2252 261 2289 XL.
317 2254 462 2297 Quum,
475 2258 611 2288 contra
625 2250 958 2301 exspectationem
974 2250 1159 2296 omniurn,
1176 2250 1275 2288 Cae-

123 2324 185 2350 sar
201 2312 491 2351 Uxellodunum
506 2312 686 2357 venisset,
699 2311 961 2362 oppidumque
975 2310 1154 2361 operibus
1170 2310 1275 2348 clau-

126 2386 209 2412 sum
229 2375 579 2419 animadverteret;
605 2385 733 2424 neque
762 2373 809 2411 ab
835 2371 1126 2424 oppugnatione
1145 2371 1278 2411 recedi
