1576 2693
651 266 819 305 LIBER
872 266 904 305 1.
1075 255 1081 259 ’
1343 268 1367 307 3

208 372 297 422 lege
325 371 564 409 confirmant.
619 371 685 409 Ad
704 384 768 409 eas
787 384 848 410 res
868 371 1127 410 conficiendas
1154 371 1366 422 Orgetorix

209 434 405 485 deligitur.
458 432 496 470 Is
529 431 600 470 sibi
631 433 866 483 legationem
903 433 952 471 ad
981 433 1157 471 civitates
1185 434 1366 484 suscepit.

208 495 255 532 In
275 508 321 533 eo
340 495 477 532 itinere
497 494 704 545 persuadet
724 495 893 541 Castico,
916 494 1241 533 Catamantaledis
1271 494 1366 542 filio,

210 556 405 607 Sequano,
425 556 534 605 cujus
553 562 662 606 pater
681 568 843 606 regnum
864 555 902 593 in
924 554 1111 606 Sequanis
1131 555 1271 594 multos
1298 554 1368 593 anss

207 630 277 654 nos
297 617 530 662 obtinuerat,
546 624 585 654 et
604 629 626 653 a
646 628 679 653 s.
698 629 734 654 P.
751 628 791 654 R.
811 617 957 654 amicus
971 617 1186 667 appellatus
1206 625 1303 664 erat,
1323 625 1367 656 ut

207 692 369 729 regnum
388 678 427 715 in
443 677 599 715 civitate
619 691 688 715 sua
707 685 932 730 occuparet,
947 679 1051 729 quod
1069 685 1180 729 pater
1195 686 1284 716 ante
1300 679 1367 716 ha-

207 740 370 784 buerat;
397 740 568 790 itemque
588 739 822 791 Dumnorigi
854 740 1010 785 Aeduo,
1040 739 1149 777 fratri
1169 740 1368 786 Divstiaci,

208 802 273 853 qui
293 815 339 840 eo
359 809 532 853 tempore
551 801 811 853 principatum
842 802 880 838 in
902 802 1058 839 civitate
1079 801 1292 848 obtinebat,
1322 815 1370 840 ae

206 863 376 901 maxime
394 863 497 914 plebi
517 870 701 914 acceptus
721 870 817 910 erat,
837 870 881 901 ut
898 863 1002 900 idem
1023 870 1242 910 conaretur,
1281 876 1368 914 per-

207 925 368 963 suadet:
388 925 500 975 eique
519 924 636 962 filiam
657 937 764 962 suam
784 925 823 962 in
838 924 1126 962 matrimonium
1147 926 1224 963 dat.
1274 924 1369 962 Per·

205 986 320 1024 facile
347 986 454 1024 sactu
474 999 571 1032 esse,
597 986 670 1023 illis
688 987 841 1037 probat,
871 993 1012 1024 conata
1030 986 1233 1037 perficere,
1253 999 1370 1037 prop-

207 1053 315 1085 terea
334 1047 438 1098 quod
467 1047 548 1098 ipse
580 1059 671 1084 suae
706 1046 871 1084 civitatis
905 1047 1108 1097 imperium
1140 1046 1370 1084 obtenturus

207 1115 309 1145 esset
325 1122 334 1144 :
354 1121 433 1145 non
452 1121 536 1146 esse
552 1108 727 1152 dubium,
743 1107 836 1158 quin
852 1107 971 1144 totius
992 1107 1144 1144 Galliae
1160 1107 1369 1157 plurimum

206 1169 380 1207 Helvetii
398 1178 578 1220 possent:
607 1182 648 1206 se
668 1168 744 1206 suis
765 1168 901 1219 copiis,
921 1181 1069 1218 suoque
1097 1169 1290 1214 exercitu,
1323 1169 1368 1205 il-

205 1230 252 1268 lis
264 1243 383 1281 regna
395 1230 705 1276 conciliaturum,
726 1229 942 1267 confirmat.
997 1229 1086 1267 Hac
1107 1229 1283 1267 oratione
1303 1230 1370 1268 ad-

206 1291 329 1338 ducti,
360 1291 461 1329 inter
480 1304 521 1328 se
547 1290 662 1328 fidem
683 1298 723 1328 et
748 1290 1020 1340 jusjurandum
1040 1290 1148 1335 dant,
1177 1298 1229 1337 et,
1250 1304 1371 1342 regno
1394 1332 1399 1337 ,

204 1361 411 1405 occupato,
438 1366 508 1404 per
526 1360 605 1390 tres
635 1351 924 1403 potentissimos
953 1364 999 1389 ac
1031 1351 1269 1390 firmissimos
1298 1367 1367 1404 po—

205 1415 314 1466 pulos
335 1415 453 1453 totius
472 1413 623 1452 Galliae
642 1427 727 1451 sese
746 1413 863 1464 potiri
881 1425 994 1464 posse
1020 1421 1190 1464 sperant.

257 1476 328 1513 IV.
383 1476 442 1513 Ea
459 1489 520 1514 res
539 1482 582 1512 ut
602 1482 660 1513 est
695 1473 888 1512 Helvetiis
907 1488 977 1525 per
1002 1473 1187 1511 indicium
1208 1475 1371 1514 enunci-

209 1545 285 1584 ata,
312 1538 483 1575 moribus
513 1537 590 1574 suis
623 1535 899 1586 Orgetorigem
928 1548 978 1572 ex
1006 1535 1169 1573 vinculis
1199 1549 1373 1574 caussam

206 1600 339 1638 dicere
360 1601 586 1650 coegerunt.
640 1598 880 1635 Damnatum
899 1609 1065 1647 poenam
1086 1598 1195 1648 sequi
1215 1606 1371 1648 oporte*

205 1663 287 1709 bat,
308 1669 351 1699 ut
370 1661 451 1712 igni
472 1666 720 1698 cremaretur.
775 1657 852 1695 Die
873 1658 1084 1695 constituta
1113 1672 1272 1697 caussae
1292 1660 1373 1698 dic-

205 1722 336 1770 tionis,
357 1720 569 1772 Orgetorix
589 1720 637 1758 ad
653 1719 842 1770 judicium
862 1732 1016 1756 omnem
1044 1731 1152 1756 suam
1171 1719 1369 1767 familiam,

205 1785 256 1823 ad
274 1783 473 1821 hominum
493 1782 611 1820 millia
630 1782 781 1827 decem,
802 1780 974 1831 undique
994 1780 1148 1831 coegit3
1177 1788 1217 1818 et
1237 1794 1371 1819 omnes

207 1846 370 1884 clientes
403 1845 682 1895 obaeratosque
702 1855 804 1888 suos,
839 1855 1002 1892 quorum
1031 1855 1216 1892 magnum
1236 1855 1372 1880 nume-

205 1920 291 1945 rum
310 1906 493 1952 habebat,
521 1905 660 1942 eodem
680 1903 896 1942 conduxit:
924 1916 994 1955 per
1013 1916 1093 1950 eos,
1127 1917 1176 1941 ne
1196 1916 1373 1942 caussam

207 1969 371 2014 diceret,
391 1980 431 2005 se
447 1966 599 2018 eripuit.
639 1967 770 2008 Quum
789 1964 937 2010 civitas,
958 1965 1007 2002 ob
1027 1977 1112 2002 eam
1132 1978 1214 2002 rem
1234 1965 1372 2003 incita-

207 2037 261 2077 ta,
281 2029 395 2067 armis
410 2030 475 2079 jus
494 2041 605 2066 suum
625 2026 789 2077 exsequi
811 2032 1032 2073 conaretur,
1060 2026 1371 2065 multitudinem-

208 2105 284 2143 que
301 2090 502 2129 hominum
521 2102 571 2128 ex
591 2087 693 2139 agris
726 2087 973 2138 magistratus
1004 2095 1206 2138 cogerent,
1245 2088 1370 2140 Orge-,

207 2152 311 2191 torix
325 2159 500 2189 mortuus
519 2157 603 2188 est:
631 2162 758 2200 neque
776 2150 887 2186 abest
913 2149 1095 2201 suspicio,
1130 2157 1171 2187 ut
1198 2150 1372 2189 Helvetii

206 2213 456 2260 arbitrantur,
486 2212 578 2263 quin
598 2211 680 2262 ipse
701 2210 773 2247 sibi
791 2217 957 2248 mortem
978 2211 1226 2249 consciverit.

259 2274 309 2312 V.
364 2274 458 2312 Post
490 2275 573 2324 ejus
604 2278 770 2310 mortem
799 2271 921 2309 nihilo
951 2271 1078 2309 minus
1111 2272 1286 2311 Helvetii
1316 2273 1370 2320 id,

210 2337 315 2389 quod
334 2336 631 2382 constituerant,
655 2333 786 2372 facere
806 2340 1010 2382 conantur,
1031 2339 1074 2371 ut
1094 2347 1115 2372 e
1132 2334 1273 2374 finibus
1292 2336 1369 2374 suis
