1556 2683
224 284 273 319 14·
521 281 595 319 DE
632 281 811 320 BELLO
849 282 1094 322 GALLICO

219 383 300 434 ipse
319 384 520 435 intelligat,
541 399 639 436 quae
658 386 791 424 civitas
810 394 1004 438 queratur,
1033 386 1239 438 proponit:
1278 399 1363 425 mo-

219 452 300 491 net,
331 453 373 483 ut
392 446 428 483 in
464 447 650 497 reliquum
670 454 821 498 tempus
841 460 972 485 omnes
991 447 1226 498 suspiciones
1244 448 1364 486 vitet:

219 507 425 555 praeterita
444 520 485 544 se
505 507 699 545 Divitiaco
714 508 822 545 fratri
842 508 1062 545 condonare
1082 509 1187 546 dicit.
1241 509 1364 546 Dum-

218 567 340 618 norigi
362 569 539 606 custodes
554 569 676 619 ponit,
693 576 749 615 ut,
765 582 863 619 quae
875 576 977 620 agat,
991 569 1218 620 quibuscum
1230 571 1363 621 loqua-

218 634 294 673 tur,
326 629 423 666 scire
442 629 573 679 possit.

270 688 378 725 XXI.
432 689 581 727 Eodem
601 690 662 727 die
682 691 729 728 ab
750 691 1054 742 exploratoribus
1070 692 1212 729 certior
1223 692 1362 739 factus,

218 749 348 787 hostes
367 751 437 787 sub
457 759 587 788 monte
607 752 825 789 consedisse
851 752 969 789 millia
998 765 1178 802 passuum
1208 753 1254 789 ab
1275 752 1364 803 ipsi-

217 823 261 848 us
280 812 413 849 castris
433 824 514 849 vl11
532 829 541 856 ;
575 813 695 863 qualis
714 821 816 850 esset
834 820 970 851 natura
988 814 1141 859 montis,
1174 821 1213 850 et
1242 814 1363 864 qualis

216 871 254 907 in
273 872 438 910 circuitu
456 873 678 918 adscensus,
699 874 763 924 qui
784 881 1078 924 cognoscerent,
1103 875 1217 912 misit.
1283 875 1363 913 Re-

215 933 439 971 nunciatum
458 941 528 980 est‚
549 934 701 971 facilem
721 947 816 972 esse.
865 934 928 971 De
948 935 1062 971 tertia
1080 935 1210 985 vigilia
1225 935 1271 972 T.
1290 936 1366 974 La-

216 993 385 1040 bienum,
406 994 574 1045 legatum
599 1007 668 1045 pro
688 1002 879 1045 praetore,
912 1008 998 1033 cum
1031 995 1178 1033 duabus
1203 996 1364 1047 legioni-

216 1055 301 1101 bus,
321 1062 360 1092 et
379 1055 423 1092 iis
439 1056 615 1102 ducibus,
636 1056 700 1107 qui
716 1057 787 1093 iter
804 1064 1079 1106 cognoverant,
1099 1069 1288 1094 summum
1302 1059 1364 1107 ju-

218 1128 308 1165 gum
329 1116 468 1154 montis
484 1117 693 1154 ascendere
708 1117 821 1166 jubet
837 1131 846 1153 :
867 1116 959 1166 quid
977 1116 1034 1153 sui
1055 1117 1203 1154 consilii
1222 1118 1283 1163 sit,
1303 1130 1363 1154 os-

214 1176 350 1212 tendit.
395 1176 475 1226 ipse
491 1176 539 1213 de
559 1184 694 1227 quarta
714 1177 843 1227 vigilia
857 1177 992 1214 eodem
1013 1178 1163 1223 itinere,
1179 1191 1255 1228 quo
1274 1178 1362 1216 hos-

214 1243 272 1273 tes
291 1237 427 1282 ierant,
454 1238 503 1275 ad
522 1250 588 1275 eos
622 1239 847 1282 contendit;
885 1238 1176 1289 equitatumque
1207 1252 1362 1277 omnem

212 1305 302 1334 ante
322 1311 363 1335 se
382 1299 510 1336 mittit.
566 1299 609 1336 P.
632 1300 850 1345 Considius,
870 1300 935 1350 qui
954 1300 1009 1337 rei
1026 1300 1197 1337 militaris
1212 1300 1363 1351 peritis-

214 1359 329 1396 simus
349 1360 575 1406 habebatur,
596 1368 635 1398 et
647 1360 685 1396 in
705 1360 881 1398 exercitu
899 1360 946 1396 L.
964 1360 1105 1405 Sullae,
1120 1367 1160 1397 et
1174 1367 1307 1410 postea
1321 1360 1361 1397 in

212 1420 271 1458 M.
292 1422 419 1459 Crassi
437 1421 577 1468 fuerat,
598 1435 685 1459 cum
705 1421 1014 1471 exploratoribus
1033 1421 1301 1471 praemittitur.

260 1482 391 1519 XXII.
447 1482 577 1519 Prima
595 1483 696 1528 luce,
727 1496 844 1533 quum
863 1496 1031 1519 summus
1050 1495 1160 1519 mons
1179 1495 1202 1520 a
1220 1483 1266 1520 T.
1285 1483 1361 1521 La-

208 1543 322 1581 bieno
342 1551 554 1590 teneretur,
585 1544 666 1594 ipse
699 1544 746 1581 ab
766 1544 935 1582 hostium
960 1544 1095 1581 castris
1113 1557 1191 1581 non
1209 1545 1361 1595 longius

209 1606 314 1643 mille
333 1613 371 1643 et
391 1605 612 1656 quingentis
626 1605 799 1655 passibus
814 1606 966 1642 abesset
982 1620 991 1648 3
1010 1618 1148 1656 neque,
1164 1612 1207 1643 ut
1225 1614 1362 1656 postea

207 1681 257 1704 cx
278 1667 440 1718 captivis
459 1666 661 1716 comperit,
695 1673 761 1703 aut
780 1665 898 1716 ipsius
917 1666 1118 1711 adventus,
1137 1675 1204 1704 aut
1217 1667 1358 1704 Labie-

208 1728 263 1774 ni,
283 1727 460 1778 cognitus
481 1734 617 1773 esset3¹
637 1727 855 1773 Considius,
875 1740 974 1778 equo
994 1727 1174 1774 admisso,
1203 1729 1252 1766 ad
1271 1742 1360 1766 eum

207 1789 395 1827 accurrit:
434 1788 542 1834 dicit,
574 1795 758 1834 montem,
789 1800 902 1839 quern
922 1801 944 1825 a
973 1788 1146 1826 Labieno
1178 1790 1361 1840 occupari

207 1850 385 1894 voluerit,
405 1850 451 1886 ab
472 1849 645 1887 hostibus
664 1849 787 1886 teneri
804 1865 814 1893 ;
832 1849 871 1886 id
890 1862 931 1887 se
949 1862 972 1887 a
990 1849 1148 1887 Gallicis
1167 1850 1282 1887 armis
1301 1859 1358 1888 at·

207 1922 283 1960 que
314 1909 526 1959 insignibus
558 1909 795 1959 cognovisse.
864 1910 1006 1948 Caesar
1042 1923 1129 1948 suas
1161 1911 1291 1961 copias
1319 1911 1361 1948 in

208 1971 426 2020 proximum
440 1970 577 2008 collem
597 1971 790 2016 subducit,
810 1971 931 2008 aciem
951 1971 1117 2009 instruit.
1147 1971 1358 2018 Labienus,

209 2038 250 2068 ut
270 2038 351 2068 erat
370 2032 404 2068 ei
419 2039 669 2082 praeceptum
685 2045 707 2069 a
723 2032 901 2078 Caesare,
917 2046 965 2070 ne
981 2033 1167 2083 proelium
1184 2033 1360 2070 commit-

207 2100 321 2138 teret,
340 2092 411 2129 nisi
432 2092 548 2142 ipsius
569 2093 704 2143 copiae
719 2106 841 2143 prope
860 2093 1028 2130 hostium
1048 2101 1171 2131 castra
1185 2093 1287 2131 visae
1302 2107 1360 2132 es—

209 2161 308 2197 sent,
325 2160 368 2190 ut
382 2153 551 2203 undique
567 2166 644 2190 uno
657 2159 830 2203 tempore
847 2154 885 2190 in
901 2154 1030 2192 hostes
1043 2154 1209 2205 impetus
1223 2154 1333 2192 fieret
1348 2171 1359 2199 ;

206 2221 337 2251 monte
353 2222 559 2264 occupato,
579 2221 729 2252 nostros
748 2215 1013 2265 exspectabat,
1030 2215 1252 2266 proelioque
1272 2217 1358 2253 abs-

208 2272 365 2310 tinebat.
420 2272 548 2311 Multo
580 2274 746 2324 denique
765 2274 826 2311 die
844 2288 913 2325 per
932 2275 1195 2325 exploratores
1215 2275 1359 2313 Caesar

207 2334 402 2383 cognovit,
422 2342 461 2371 et
475 2342 644 2372 montem
659 2347 682 2372 a
700 2335 777 2372 suis
797 2335 933 2383 tenerI,
956 2343 995 2374 et
1009 2335 1212 2375 Helvetios
1231 2344 1360 2374 castra
