1556 2683
304 277 375 313 122
632 275 707 312 DE
744 275 923 314 BELLO
964 275 1209 315 GALLICO

298 391 368 429 pus
399 392 475 416 non
507 378 590 415 fore
622 387 865 429 potestatem.
898 393 944 417 ac
970 380 1024 417 sic
1045 387 1194 417 nostros
1227 387 1443 419 contemse-

297 448 399 484 runt,
433 447 487 483 ut,
518 441 723 477 obstructis
754 440 790 476 in
823 441 988 490 speciem
1023 441 1150 491 portis
1170 442 1328 491 singulis
1347 442 1448 479 ordi-

294 501 406 538 nibus
427 501 628 551 cespitum,
643 501 745 551 quod
760 514 805 538 ea
820 514 894 537 non
912 514 1022 551 posse
1044 502 1319 552 introrumpere
1335 502 1422 539 vide
1438 528 1443 532 -

294 562 448 607 bantur,
462 562 524 599 alii
540 562 678 599 vallum
693 575 807 598 manu
821 562 1011 608 scindere,
1021 563 1081 599 alii
1095 562 1216 601 fossas
1233 564 1442 614 complere,

295 623 524 673 inciperent.
577 623 673 660 Tum
705 624 859 669 Caesar,
890 624 1066 660 omnibus
1085 624 1205 674 portis
1235 625 1440 676 eruptione

294 684 412 729 facta,
442 685 694 733 equitatuque
712 683 864 729 emisso,
898 685 1074 721 celeriter
1093 685 1224 722 hostes
1243 685 1309 723 dat
1328 686 1366 722 in
1385 685 1447 723 su-

293 758 396 794 gam,
430 745 497 789 sic,
529 744 581 781 uti
605 745 758 781 omnino
779 744 975 794 pugnandi
996 757 1129 782 caussa
1164 745 1359 783 resisteret
1378 759 1446 784 ne-

292 819 376 842 mo:
413 818 671 855 magnumque
691 818 739 841 ex
760 804 813 842 eis
836 817 1036 842 numerum
1056 805 1214 852 occidit,
1234 814 1349 856 atque
1365 819 1445 844 om-

294 879 361 904 nes
381 866 492 903 armis
514 867 652 903 exsuit.

343 927 432 964 LII.
472 927 645 978 Longius
664 928 844 979 prosequi
863 929 1019 974 veritus,
1068 929 1171 979 quod
1191 928 1306 966 silvae
1333 929 1442 979 palu-

292 989 438 1039 desque
458 989 762 1032 intercedebant,
779 1002 904 1036 neque
919 989 1034 1026 etiam
1053 989 1212 1039 parvulo
1232 989 1442 1026 detrimen-

292 1063 331 1088 to
352 1050 503 1088 illorum
523 1050 652 1087 locum
674 1050 836 1100 relinqui
856 1050 1024 1096 videbat,
1041 1051 1218 1088 omnibus
1237 1051 1314 1088 suis
1335 1051 1442 1089 inco-

289 1113 456 1150 lumibus
485 1113 620 1163 copiis,
651 1113 787 1151 eodem
823 1113 884 1150 die
911 1113 959 1149 ad
991 1113 1219 1151 Ciceronem
1250 1114 1443 1164 pervenit.

289 1174 490 1211 Institutas
508 1182 646 1219 turreS‚
674 1174 900 1219 testudines,
929 1175 1237 1224 munitionesque
1262 1175 1445 1222 hostium,

289 1236 524 1274 admiratur:
546 1236 734 1286 producta
748 1236 916 1286 legione,
937 1236 1140 1285 cognoscit
1156 1250 1232 1274 non
1249 1237 1444 1275 decimum

289 1311 483 1348 quemque
504 1310 587 1334 esse
608 1297 785 1334 relictum
807 1296 964 1334 militem
979 1296 1060 1333 sine
1079 1297 1250 1336 vulnere.
1305 1298 1364 1335 Ex
1384 1299 1444 1336 his

291 1358 468 1396 omnibus
479 1359 632 1408 judicat
646 1359 775 1403 rebus,
796 1364 939 1408 quanto
956 1370 1042 1395 cum
1058 1358 1246 1408 periculo,
1262 1366 1302 1396 et
1322 1373 1441 1409 quan-

291 1427 330 1457 ta
343 1433 428 1457 cum
445 1419 601 1464 virtute,
623 1431 682 1455 res
701 1418 777 1455 sint
789 1418 1100 1456 administratae:
1122 1418 1351 1457 Ciceronem
1372 1434 1442 1470 pro

289 1482 373 1530 ejus
388 1480 526 1518 merito
542 1480 812 1530 legionemque
826 1479 1037 1516 collaudat:
1054 1480 1298 1518 centuriones
1311 1481 1441 1531 singil-

290 1542 396 1580 latim
410 1542 661 1592 tribunosque
678 1542 840 1578 militum
861 1541 1042 1591 appellat,
1065 1554 1226 1592 quorum
1246 1543 1442 1593 egregiam

287 1603 405 1641 fuisse
426 1604 608 1640 virtutem
629 1602 849 1640 testimonio
866 1602 1066 1640 Ciceronis
1086 1611 1332 1652 cognoverat.
1379 1604 1443 1641 De

289 1678 380 1703 casu
403 1664 534 1702 Sabini
568 1672 608 1702 et
637 1666 776 1702 Cottae
796 1664 939 1702 certius
969 1678 1017 1702 cx
1038 1665 1197 1716 captivis
1227 1666 1441 1715 cognoscit.

290 1727 454 1765 Postero
481 1726 555 1770 dic,
591 1725 779 1763 concione
799 1726 945 1771 habita,
978 1739 1058 1764 rem
1078 1734 1224 1776 gestam
1246 1728 1440 1778 proponit,

287 1789 429 1826 milites
448 1788 684 1833 consolatur,
713 1795 752 1824 et
773 1787 997 1824 confirmat:
1033 1788 1136 1838 quod
1167 1788 1440 1827 detrimentum

288 1850 403 1900 culpa
422 1858 461 1888 et
479 1850 698 1887 temeritate
718 1849 835 1898 legati
854 1849 903 1885 sit
921 1857 1139 1900 acceptum,
1159 1849 1233 1887 hoc
1253 1850 1437 1899 aequiore

287 1912 416 1949 animo
448 1910 651 1949 ferendum
671 1910 800 1956 docet,
833 1911 950 1961 quod,
980 1910 1170 1950 beneficio
1189 1911 1349 1949 deorum
1370 1911 1439 1950 im-

286 1974 517 2018 mortalium,
538 1980 576 2011 et
597 1972 736 2009 virtute
763 1986 894 2010 eorum
916 1972 1073 2022 expiato
1094 1972 1350 2018 incommodo,
1373 1987 1439 2012 ne-

287 2048 362 2086 que
384 2034 558 2072 hostibus
578 2033 726 2070 diutina
744 2033 916 2080 laetatio,
947 2047 1072 2084 neque
1091 2034 1181 2084 ipsis
1200 2034 1350 2085 longior
1369 2036 1438 2074 do-

286 2097 345 2134 lor
365 2096 616 2148 relinquatur.

338 2158 449 2194 LIIl.
505 2156 666 2194 Interim
686 2157 734 2194 ad
763 2156 977 2195 LabIenum
1004 2170 1073 2207 per
1094 2157 1237 2195 Remos
1270 2158 1437 2196 incredi-

284 2219 351 2256 bili
372 2219 570 2257 celcritate
591 2219 638 2255 de
659 2218 821 2256 victoria
835 2219 1010 2256 Caesaris
1027 2218 1124 2256 fama
1143 2219 1356 2269 perfertur3
1377 2227 1434 2266 ut,

286 2294 403 2332 quum
423 2281 470 2318 ab
490 2280 662 2317 hibernis
691 2280 891 2318 Ciceronis
925 2280 1041 2318 millia
1066 2293 1246 2331 passuum
1283 2281 1436 2318 abesset

286 2340 440 2379 circiter
460 2351 529 2389 Lx,
543 2379 548 2381 ,
561 2352 685 2392 coque
704 2347 791 2393 post
810 2340 943 2380 horam
963 2352 1008 2379 lx
1031 2341 1108 2380 diei
1128 2341 1269 2381 Caesar
1300 2353 1436 2393 pervc-
