1576 2693
275 235 338 273 viii
730 237 1044 274 PRAEFATIO

276 338 320 386 ti,
346 346 385 378 et
413 339 450 376 in
476 340 611 390 quibus
639 340 800 378 salutem
822 348 1073 391 quaererent:
1102 341 1350 392 Venetosque
1374 343 1424 380 ab

275 399 334 445 iis,
355 401 417 451 qui
439 403 626 452 portubus
640 402 717 439 suis
736 402 957 445 utebantur,
977 402 1142 452 vectigal
1158 402 1313 453 exigere
1332 417 1423 441 con-

277 463 429 504 suesse,
460 462 594 512 iisque,
615 462 677 513 qui
694 463 731 499 id
751 462 919 513 pendere
940 463 1099 509 nollent,
1118 471 1270 513 portum
1285 472 1325 501 et
1338 477 1424 514 per-

276 520 423 572 fugium
455 521 728 560 interclusisse.
782 522 918 568 Nobis,
948 523 1006 560 his
1026 523 1235 574 perpensis,
1265 537 1425 574 magnus

276 581 442 633 impetus
463 583 576 619 maris
592 590 630 620 et
652 583 848 634 vectigalis
864 583 1017 621 exactio
1037 585 1250 622 arctissime
1266 585 1365 622 inter
1385 597 1425 622 se

276 644 459 693 conjungi
479 656 589 694 posse
605 644 856 687 videbantur3
875 652 915 682 et
934 645 1095 695 proinde
1113 646 1161 683 ab
1181 646 1285 684 libris
1304 646 1424 697 scrip-

276 704 324 742 tis
343 704 407 742 hic
426 704 502 742 loci
521 717 763 755 nequaquam
783 706 1055 743 recedendum.

326 764 373 801 In
393 765 439 803 L.
461 765 492 802 I.
510 779 546 803 c,
564 769 601 803 4.
621 765 668 802 de
692 766 797 803 Bello
816 767 942 812 Civili,
963 767 1080 805 refert
1101 768 1260 815 Caesar,
1291 770 1424 807 adver-

275 826 394 865 sarios
415 839 504 863 suos
523 826 673 863 lenibus
693 828 901 865 amicorum
920 829 1140 878 propositis,
1160 830 1252 868 alios
1271 830 1353 868 aliis
1372 831 1421 869 de

277 888 413 934 causis,
442 888 660 925 auscultare
681 888 872 926 noluisse:
902 889 1104 935 Catonern,
1131 891 1324 928 veteribus
1354 891 1424 928 ini-

275 949 429 988 micitiis
450 949 623 987 Caesaris
644 949 864 991 incitatum
894 949 1117 995 Lentulum,
1138 964 1204 1000 spe
1225 952 1420 989 exercitus

274 1018 314 1048 et
334 1010 631 1060 provinciarum,
651 1013 720 1047 ἃς.
775 1010 872 1046 Tum
893 1011 1112 1048 subnecti-t:
1155 1017 1180 1033 “
1203 1011 1422 1061 Scipionem

276 1076 302 1093 “
328 1071 526 1121 [Pompeii
556 1072 755 1119 socerum]
788 1071 922 1107 eadem
949 1084 1036 1120 spes
1059 1070 1279 1120 provinciae
1307 1079 1423 1122 atque

276 1138 302 1156 ‘⁴
322 1133 564 1170 exercituum
585 1132 760 1181 impellit,
781 1144 873 1182 quos
889 1144 929 1168 se
949 1145 1019 1181 pro
1040 1132 1322 1170 necessitudine
1337 1146 1425 1183 par-

276 1198 301 1216 “
322 1193 480 1231 titurum
501 1207 589 1231 cum
610 1192 794 1242 Pompeio
815 1192 1042 1234 arbitratur;
1063 1192 1170 1229 simul
1188 1193 1421 1242 judiciorum

275 1259 302 1277 “
322 1261 460 1300 metus,
480 1253 646 1291 adzdatio
666 1260 775 1304 atque
790 1254 984 1291 ostentatio
999 1253 1057 1290 sni
1075 1259 1109 1291 et
1120 1254 1339 1305 potentium,
1360 1255 1425 1306 qui

274 1320 301 1339 ⁸‘
321 1315 359 1352 in
378 1315 576 1365 republica
601 1315 833 1365 judiciisque
861 1322 941 1352 tum
961 1314 1165 1365 plurimum
1186 1315 1425 1366 pollebant.’'

273 1375 337 1414 De
356 1377 558 1413 verborum
576 1375 741 1413 adulatio
760 1382 870 1426 atque
889 1375 1082 1413 ostentatio
1096 1375 1155 1412 sui
1172 1382 1207 1413 et
1219 1376 1422 1427 potentium

277 1437 472 1474 sententia
500 1436 628 1473 multis
660 1443 824 1486 egerunt
852 1436 921 1473 viri
956 1436 1179 1482 doctissimi,
1209 1436 1422 1480 Manutius,

278 1497 470 1542 Clarkius,
504 1497 818 1547 Oudendorpius.
886 1496 1086 1534 Manutius
1118 1497 1393 1548 interpretatur
1415 1513 1424 1534 ε

278 1563 304 1581 “
326 1558 423 1596 Cum
446 1558 527 1608 ipse
547 1558 631 1604 sibi,
652 1565 695 1595 ut
714 1557 839 1595 solent
855 1557 975 1595 inanis
994 1558 1137 1608 gloriae
1154 1558 1283 1608 cupidi
1300 1558 1424 1596 homi-

276 1623 304 1641 “
325 1631 407 1664 nes,
436 1619 669 1664 adularetur,
689 1632 807 1669 seque
827 1626 1052 1663 ostentaret,
1081 1626 1121 1656 et
1140 1632 1273 1656 eorum
1294 1619 1423 1657 amici-

274 1684 300 1702 “
321 1680 426 1725 tiam,
455 1680 519 1730 qui
549 1687 630 1717 tum
664 1679 700 1716 in
730 1680 927 1729 republica
954 1679 1187 1730 judiciisque
1218 1679 1423 1729 plurimum

274 1746 300 1764 “
320 1741 558 1792 pollebant.”
606 1741 752 1778 Eadem
772 1741 854 1778 fere
873 1749 931 1778 est
951 1740 1217 1790 Oudendorpii
1238 1740 1424 1791 interpre-

274 1802 382 1839 tatio.
428 1801 604 1840 Clarkius
626 1809 774 1846 contra,
796 1815 881 1839 cum
906 1802 1104 1852 Scaligero
1125 1801 1298 1852 aliisque,
1319 1801 1423 1839 delet

273 1862 448 1900 voculam
469 1868 517 1907 et,
550 1862 677 1899 invitis
697 1862 802 1899 MSS
825 1863 1001 1899 omnibus
1021 1875 1066 1899 ac
1085 1861 1219 1912 priscis
1240 1861 1419 1899 editioni-

273 1923 357 1967 bus,
387 1930 426 1959 et
453 1923 571 1960 verba
601 1923 748 1973 reliqua
767 1923 841 1960 lioc
870 1922 984 1960 modo
1015 1922 1209 1973 explicare
1237 1929 1421 1960 conatur:

275 1989 301 2006 ‘⁶
324 1984 505 2021 Potentes
534 1983 711 2020 nimirum
740 1983 994 2021 adulabantur
1013 1984 1084 2020 sibi
1114 1983 1197 2033 ipsi,
1226 1995 1344 2034 seque
1364 1996 1422 2021 os-

274 2050 301 2068 “
321 2046 522 2082 tentabant
547 2052 731 2094 quantum
770 2045 805 2080 in
827 2044 1027 2095 republica
1049 2044 1281 2094 judiciisque
1301 2043 1420 2094 polle-

276 2111 302 2128 “
322 2107 450 2142 rent.’'
501 2105 716 2143 Verborum
737 2118 877 2142 nexum
899 2118 975 2142 non
996 2112 1102 2142 recte
1123 2105 1270 2155 cepisse
1289 2104 1420 2141 viden-

272 2172 336 2203 tur
354 2166 423 2202 viri
439 2165 661 2211 doctissimi,
683 2174 721 2203 et
741 2165 901 2216 proinde
917 2165 1084 2203 auctoris
1100 2165 1329 2203 sententiam
1345 2177 1422 2201 non

274 2226 439 2263 assecuti
460 2233 560 2263 sunt.
611 2226 741 2264 Verba
758 2227 833 2264 hoc
854 2226 967 2263 modo
988 2226 1198 2263 ordinanda
1218 2226 1422 2263 videntur:

274 2286 468 2324 ostentatio
487 2286 557 2332 sui,
577 2293 612 2324 et
630 2286 795 2325 adulatio
815 2288 1033 2339 potentium.
1089 2287 1219 2338 Scipio
1240 2287 1429 2324 nimirum-
