1556 2683
561 224 726 266 LIBER
780 226 848 265 VI.
1216 230 1287 266 129

139 328 370 376 constitutis,
391 330 494 381 quod
508 343 577 380 pro
593 331 793 381 explorato
814 329 994 375 habebat,
1015 328 1281 379 Ambiorigem

138 391 285 441 proelio
304 405 379 429 non
399 404 482 429 esse
502 398 830 437 concertaturum,
858 391 1006 441 reliqua
1025 392 1108 440 ejus
1125 390 1287 428 consilia

138 452 265 488 animo
285 452 631 502 circumspiciebat.
678 451 798 489 Erant
816 451 989 502 Menapii
1011 451 1213 502 propinqui
1235 451 1285 488 E—

138 511 328 549 buronum
344 512 496 557 finibus,
512 512 708 563 perpetuis
724 512 926 562 paludibus
941 512 1120 562 silvisque
1135 511 1286 556 muniti,

137 571 202 621 qui
222 572 287 608 uni
307 584 356 608 ex
377 572 507 609 Gallia
535 573 583 609 de
602 585 699 622 pace
718 573 767 610 ad
787 573 990 610 Caesarem
1011 573 1161 622 legatos
1188 585 1286 609 nun-

136 644 250 681 quam
278 633 474 670 miserant.
529 634 627 671 Curn
647 634 691 670 iis
724 646 806 670 esse
826 633 1033 683 hospitium
1066 633 1284 683 Ambiorigi

133 692 303 730 sciebat:
331 693 422 730 item
453 707 522 744 per
542 694 720 731 Treviros
754 695 907 731 venisse
938 693 1142 731 Germanis
1175 693 1213 730 in
1244 706 1284 731 a-

134 751 319 790 micitiam
353 762 598 804 cognoverat.
678 754 791 792 Haec
823 755 928 805 prius
960 755 1014 792 illi
1046 755 1285 793 detrahenda

133 814 279 851 auxilia
296 813 554 860 existimabat,
574 828 686 866 quam
706 815 830 866 ipsum
850 815 951 852 bello
970 816 1176 854 lacesseret
1192 832 1201 859 ;
1220 829 1283 862 ne,

131 874 334 925 desperata
353 876 490 922 salute,
510 883 576 913 aut
591 889 631 913 se
652 877 689 913 in
703 876 908 927 Menapios
923 876 1095 923 abderet,
1111 886 1178 914 aut
1194 890 1282 915 cum

133 935 438 974 Transrhenanis
459 937 643 987 congredi
661 945 878 987 cogeretur.
933 937 1023 975 Hoc
1044 938 1138 975 inito
1158 938 1282 975 consi-

127 995 194 1042 lio,
207 997 326 1034 totius
340 997 535 1035 exercitus
549 997 823 1047 impedimenta
838 997 887 1035 ad
902 997 1118 1035 Labienum
1133 998 1170 1034 in
1185 999 1280 1036 Tre-

130 1056 231 1094 viros
249 1057 382 1103 mittit,
402 1058 573 1108 duasque
593 1057 766 1108 legiones
779 1058 828 1095 ad
844 1071 930 1095 eum
944 1058 1135 1109 proficisci
1146 1060 1279 1108 jubet:

129 1115 212 1167 ipse
232 1129 319 1154 cum
338 1117 554 1167 legionibus
575 1117 767 1168 expeditis
783 1130 811 1154 v
831 1118 870 1154 in
889 1118 1096 1169 Menapios
1110 1119 1282 1169 proficis-

129 1176 241 1214 citur.
295 1176 371 1222 Illi,
391 1177 495 1214 nulla
510 1171 790 1224 coaeta'manm
810 1178 887 1215 loci
906 1179 1098 1229 praesidio
1119 1179 1221 1225 freti,
1241 1179 1279 1215 in

128 1237 241 1275 silvas
268 1237 504 1289 paludesque
537 1238 780 1289 confugiunt,
813 1252 958 1290 suaque
985 1240 1121 1277 eodem
1147 1239 1278 1277 confe-

127 1305 231 1335 runt.

179 1359 248 1396 VI.
305 1360 460 1406 Caesar,
497 1361 648 1412 partitis
669 1361 790 1412 copiis
811 1374 900 1399 cum
929 1361 974 1399 C.
997 1360 1115 1399 Fabio
1134 1361 1278 1411 legato,

127 1427 168 1458 et
186 1419 245 1457 Μ.
263 1421 402 1458 Crasso
417 1429 634 1472 quaestore,
648 1422 903 1472 celeriterque
918 1421 1065 1459 effectis
1080 1423 1277 1472 pontibus,

127 1481 208 1519 adit
244 1482 450 1532 tripartito,
493 1483 668 1521 aedificia
698 1483 880 1533 vicosque
914 1483 1109 1526 incendit;
1136 1496 1277 1534 magno

126 1542 278 1592 pecoris
296 1549 414 1593 atque
434 1543 631 1580 hominum
650 1556 810 1581 numero
837 1544 995 1594 potitur.
1050 1543 1198 1585 Quibus
1217 1556 1276 1580 re-

126 1604 197 1640 bus
218 1603 356 1650 coacti,
390 1603 564 1654 Menapii
589 1604 737 1654 legatos
756 1605 805 1641 ad.
833 1617 920 1641 eum
949 1604 1055 1654 pacis
1085 1604 1277 1654 petendae

126 1676 261 1702 caussa
279 1665 449 1702 mittunt.
504 1664 590 1710 Ille,
611 1665 806 1702 obsidibus
826 1665 1011 1715 acceptis,
1043 1665 1211 1702 hostium
1232 1677 1274 1702 se

124 1724 343 1762 habitururn
363 1739 523 1763 numero
544 1726 758 1771 confirmat,
772 1726 802 1763 si
817 1734 884 1763 aut
904 1726 1186 1776 Ambiorigem,
1205 1733 1274 1763 aut

128 1788 210 1837 ejus
229 1787 391 1837 legatos,
419 1787 558 1824 finibus
578 1787 654 1824 suis
673 1787 924 1837 recepissent.
977 1786 1051 1823 His
1071 1786 1273 1824 confirma-

125 1848 174 1886 tis
190 1848 317 1894 rebus,
338 1848 514 1886 Comium
537 1848 765 1885 Atrebatem
785 1861 872 1885 cum
892 1848 1080 1898 equitatu,
1101 1847 1272 1885 custodis

123 1909 225 1955 loco,
244 1909 284 1946 in
302 1908 496 1959 Menapiis
512 1909 714 1959 relinquit;
741 1909 821 1960 ipse
842 1909 880 1946 in
901 1909 1080 1946 Treviros
1098 1908 1271 1959 proficis-

126 1969 238 2007 citur.

174 2029 265 2067 VII.
319 2030 426 2068 Dum
439 2030 536 2068 haec
547 2043 570 2068 a
585 2031 750 2069 Caesare
764 2038 968 2082 geruntur,
986 2028 1150 2075 Treviri,
1163 2042 1270 2081 mag-

122 2091 179 2130 nis
208 2092 353 2130 coactis
372 2091 566 2143 peditatus
599 2092 870 2143 equitatusque
889 2092 1024 2142 copiis,
1054 2090 1271 2129 Labienum

120 2165 208 2190 cum
229 2165 305 2189 una
322 2151 490 2202 legione,
516 2164 614 2202 quae
633 2152 673 2189 in
692 2165 825 2190 eorum
843 2153 982 2203 finibus
1002 2151 1210 2198 hiemabat,
1229 2165 1270 2190 a·

122 2212 239 2249 doriri
258 2213 467 2263 parabant:
499 2214 656 2264 jamque
675 2213 723 2250 ab
743 2225 790 2250 eo
809 2205 888 2249 non
906 2212 1059 2262 longius
1083 2212 1189 2249 bidui
1208 2212 1270 2251 via

120 2272 293 2319 aberant,
326 2286 444 2324 quum
462 2272 557 2312 duas
575 2273 723 2313 venisse
753 2273 926 2324 legiones
955 2273 1072 2311 missu
1091 2272 1267 2311 Caesaris

196 2333 304 2371 Tou.
322 2333 354 2370 Ι.
727 2333 763 2371 R
