1556 2683
570 287 736 325 LIBER
788 287 842 325 11.
1259 292 1305 328 51

155 397 195 429 et
212 390 417 429 nonnullos
436 391 482 428 ab
503 391 716 429 novissimis
735 391 910 429 desertos
929 390 1076 442 proelio
1097 391 1304 438 excedere,

155 465 201 490 ac
220 453 298 490 tela
316 453 450 498 vitare,
469 451 599 489 hostes
616 465 743 503 neque
762 465 784 490 a
804 452 930 490 fronte
949 464 999 490 ex
1019 452 1198 490 inferiore
1218 454 1304 491 loco

155 514 365 551 subeuntes
385 513 655 558 intermittere,
689 521 728 551 et
762 513 808 551 ab
831 520 991 564 utroque
1011 514 1128 551 latere
1148 514 1303 560 instare,

156 581 197 612 et
214 587 295 612 rem
315 586 398 611 esse
418 573 456 610 in
476 581 640 623 angusto
660 575 767 620 vidit,
795 587 921 625 neque
942 574 1060 611 ullum
1080 587 1164 611 esse
1184 575 1305 612 subsi-

154 635 275 681 dium,
308 635 408 686 quod
430 635 600 672 submitti
621 643 773 686 posset;
810 642 920 673 scuto
940 636 988 673 ab
1008 637 1218 674 novissimis
1236 637 1304 675 uni

152 696 264 733 militi
283 696 474 742 detracto,
506 697 610 747 quod
641 697 720 747 ipse
754 710 800 735 eo
830 697 911 734 sine
931 704 1041 734 scuto
1060 704 1231 744 venerat,
1264 698 1303 735 in

152 757 313 809 primam
330 758 452 795 aciem
471 758 672 808 processit,
692 758 1058 809 centurionibusque
1077 759 1303 797 nominatim

151 819 365 870 appellatis,
399 819 566 869 reliquos
586 818 809 857 cohortatus
828 819 982 865 milites,
1015 819 1125 869 signa
1143 820 1299 868 inferre,

152 887 193 918 et
211 881 425 932 manipulos
444 881 574 918 laxare
590 881 716 930 jussit,
736 894 812 931 quo
826 880 975 918 facilius
989 881 1124 931 gladiis
1145 882 1200 919 uti
1214 896 1302 933 pos-

151 947 248 978 sent.
305 941 424 991 Cujus
444 941 611 978 adventu
630 954 697 992 spe
717 941 820 978 illata
840 941 1036 987 militibus,
1065 955 1110 979 ac
1130 943 1301 981 redinte-

147 1009 259 1053 grato
277 1003 419 1048 animo,
452 1015 568 1052 quum
601 1015 671 1053 pro
699 1015 740 1040 se
760 1002 920 1053 quisque
941 1004 978 1039 in
1001 1011 1213 1054 conspectu
1233 1005 1300 1043 im-

148 1063 350 1115 peratoriS‚
384 1070 423 1101 et
437 1065 516 1113 jam
537 1063 575 1099 in
595 1064 777 1100 extremis
803 1063 878 1101 suis
899 1064 1026 1109 rebus,
1059 1078 1214 1115 operam
1234 1078 1301 1103 na-

148 1137 238 1163 vare
258 1131 459 1175 cuperent,
481 1124 648 1175 paullum
670 1124 837 1162 hostium
853 1125 1018 1175 impetus
1038 1126 1210 1163 tardatus
1230 1134 1300 1164 est.

201 1185 347 1222 XXVI.
419 1185 574 1231 Caesar,
608 1198 726 1236 quum
746 1185 946 1236 septimam
965 1186 1173 1236 legionem,
1202 1198 1300 1237 quae

141 1247 258 1297 juxta
277 1246 517 1292 constiterat,
536 1247 629 1283 item
650 1247 779 1297 urgeri
795 1248 842 1283 ab
862 1247 972 1283 hoste
988 1247 1157 1293 vidisset,
1179 1248 1299 1286 tribu·

145 1320 216 1346 nos
234 1308 398 1345 militum
427 1308 589 1354 monuit,
621 1316 663 1345 ut
692 1308 888 1359 paullatim
909 1321 992 1346 sese
1016 1309 1189 1358 legiones
1209 1323 1300 1347 con-

140 1371 366 1421 jungerent,
387 1377 426 1408 et
446 1382 631 1408 conversa
651 1370 760 1419 signa
780 1369 817 1406 in
833 1370 963 1407 hostes
985 1369 1182 1408 inferrent.
1211 1373 1298 1413 Quo

144 1431 264 1479 facto,
294 1445 412 1483 quum
434 1431 528 1469 alius
549 1431 611 1468 alii
631 1431 842 1468 subsidium
861 1430 1021 1476 ferrent,
1041 1442 1168 1482 neque
1188 1432 1299 1471 time-

144 1500 246 1540 rent,
278 1506 327 1531 ne
347 1493 469 1530 aversi
496 1494 542 1530 ab
563 1493 674 1530 hoste
695 1493 1080 1539 circumvenirentur,
1113 1493 1298 1532 audacius

144 1553 340 1599 resistere,
360 1566 407 1591 ac
425 1553 561 1591 fortius
577 1566 749 1604 pugnare
769 1560 993 1604 coeperunt.
1049 1553 1208 1591 Interim
1227 1555 1298 1592 rni-

143 1615 231 1652 lites
264 1615 458 1665 legionum
495 1615 671 1661 duarum,
709 1627 806 1666 quae
837 1615 876 1651 in
908 1614 1112 1653 novissimo
1145 1616 1298 1667 agmine

144 1675 337 1726 praesidio
351 1675 636 1726 impedimentis
650 1675 816 1722 fuerant,
832 1676 978 1727 proelio
992 1678 1189 1724 nunciato,
1210 1691 1297 1716 cur-

141 1749 187 1774 su
203 1736 378 1784 incitato,
398 1738 435 1774 in
456 1751 603 1775 summo
625 1737 724 1776 colle
743 1739 790 1775 ab
811 1738 984 1775 hostibus
1004 1739 1296 1790 conspicieban-

142 1805 205 1835 tur
221 1812 230 1834 :
252 1806 290 1835 et
311 1798 358 1835 T.
374 1798 584 1845 Labienus,
604 1799 738 1837 castris
753 1799 919 1837 hostium
937 1800 1096 1850 potitus,
1117 1808 1156 1837 et
1175 1814 1223 1838 ex
1240 1801 1297 1839 lo-

143 1871 190 1896 co
223 1860 433 1910 superiore,
467 1873 566 1910 quae
586 1873 645 1898 res
679 1861 717 1897 in
737 1861 878 1898 nostris
897 1861 1032 1899 castris
1051 1869 1295 1911 gererentur,

144 1920 405 1970 conspicatus,
421 1920 609 1959 decimam
627 1921 819 1971 legionem
836 1920 1005 1958 subsidio
1021 1922 1160 1959 nostris
1178 1922 1295 1960 misit.

144 1981 223 2032 qui,
258 1994 374 2032 quum
395 1994 445 2019 ex
479 1983 651 2032 equitum
672 1990 710 2021 et
732 1983 907 2021 calonum
927 1983 1033 2033 fuga,
1055 1996 1130 2034 quo
1151 1983 1188 2020 in
1208 1984 1296 2022 loco

144 2055 204 2081 res
219 2050 334 2088 esset,
355 2052 575 2095 quantoque
591 2045 628 2081 in
646 2045 817 2096 periculo
837 2051 876 2081 et
897 2051 1034 2090 castra,
1051 2052 1089 2082 et
1109 2045 1295 2096 legiones,

144 2112 185 2142 et
204 2105 412 2155 imperator
442 2114 672 2151 versaretur,
706 2107 991 2157 cognovissent,
1011 2106 1105 2143 nihil
1125 2107 1174 2144 ad
1194 2107 1295 2145 cele-

144 2166 296 2204 ritatem
317 2167 387 2205 sibi
408 2168 544 2218 reliqui
564 2167 752 2205 fecerunt.

195 2227 364 2265 XXVII.
418 2228 570 2266 Horum
584 2229 752 2267 adventu
767 2236 876 2267 tanta
895 2243 1022 2268 rerum
1043 2231 1296 2270 commutatio

144 2287 248 2326 facta
267 2296 339 2334 est,
359 2296 402 2327 ut
420 2290 555 2336 nostri,
570 2290 685 2328 etiam
706 2291 771 2341 qui
784 2292 1002 2329 vulneribus
1023 2292 1193 2330 confecti
1209 2307 1298 2344 pro-

143 2349 381 2399 cubuissent,
413 2351 533 2390 scutis
563 2351 701 2398 innixi,
736 2352 927 2403 proelium
964 2353 1297 2405 redintegrarent;
