1556 2683
285 230 356 276 1⁶76
585 233 659 271 DE
688 233 868 271 BELLO
898 232 1143 271 GALLICO

279 338 470 376 exercitui
490 338 538 376 ad
558 338 729 388 quietem
749 338 860 383 datis,
881 344 1007 375 castra
1025 337 1074 374 ad
1094 333 1328 385 Gergoviam
1345 341 1426 372 most³

278 399 347 437 vit.
393 400 526 437 Medio
546 400 626 436 fere
647 400 782 436 itinere
803 399 951 448 equites
971 398 1018 434 ab
1036 397 1152 434 Fabio
1172 396 1288 441 missi,
1309 409 1427 446 quan-

279 468 320 497 to
351 473 411 496 res
432 460 467 495 in
499 460 671 510 periculo
704 459 833 505 fuerit,
867 465 1091 508 exponunt:
1119 456 1275 494 summis
1304 456 1426 506 copiis

281 529 407 558 castra
426 528 648 571 oppugnata
674 520 964 562 demonstrant3
993 533 1108 569 quum
1129 519 1266 556 crebro
1286 517 1427 567 integri

279 582 437 619 defessis
457 582 711 619 succederent
740 589 969 631 nostrosque
989 580 1141 617 assiduo
1170 580 1300 616 labore
1321 578 1427 615 defa-

280 644 460 693 tigarent,
501 643 637 693 quibus
675 650 834 693 propter
869 641 1175 692 magnitudinem
1214 648 1427 677 castrorum

279 711 469 754 perpetuo
489 711 590 741 esset
609 704 754 741 eisdem
775 704 813 739 in
841 703 941 740 vallo
974 703 1300 753 permanendum:
1329 701 1426 737 mul-

279 765 444 802 titudine
477 766 716 816 sagittarum,
758 772 873 815 atque
906 765 1027 802 omnis
1061 764 1213 814 generis
1245 764 1429 809 telorum,

276 827 417 864 multos
446 826 687 863 vulneratos:
717 826 765 863 ad
794 826 891 863 haec
920 826 1144 862 sustinenda
1175 837 1315 874 magno
1345 823 1430 860 usui

275 888 393 925 fuisse
413 894 626 925 tormenta:
658 887 815 924 Fabium
836 887 1006 925 discessu
1027 900 1175 930 eorum,
1203 887 1351 923 duabus
1371 899 1428 923 re-

276 951 378 987 lictis
400 949 534 1000 portis,
568 950 768 986 obstruere
795 957 958 993 ceteras,
992 949 1223 999 pluteosque
1243 948 1341 985 vallo
1361 948 1426 985 ad-

276 1012 381 1057 dere,
402 1017 441 1048 et
455 1023 496 1047 sc
512 1008 549 1046 in
568 1017 762 1060 posterum
779 1009 880 1046 diem
894 1010 1054 1046 similem
1074 1010 1122 1047 ad
1137 1023 1264 1047 casum
1280 1022 1427 1060 parare.

278 1070 353 1108 His
373 1071 486 1109 rebus
520 1070 700 1120 cognitis,
737 1071 892 1116 Caesar,
926 1084 1074 1107 summo
1094 1070 1220 1107 studio
1249 1069 1427 1115 militum,

277 1140 368 1170 ante
388 1142 514 1171 ortum
534 1133 623 1170 solis
644 1132 681 1168 in
702 1140 827 1170 castra
845 1131 1032 1182 pervenit.

330 1193 458 1231 XLII.
514 1193 619 1231 Dum
646 1193 742 1231 haec
771 1192 819 1230 ad
850 1192 1085 1242 Gergoviam
1114 1198 1317 1242 geruntur,
1348 1191 1429 1228 Ae-

279 1255 359 1301 dui,
392 1255 523 1305 primis
544 1254 692 1292 nunciis
712 1255 759 1291 ab
780 1253 955 1291 Litavico
975 1253 1162 1303 acceptis,
1192 1253 1339 1289 nullum
1357 1252 1430 1289 sibi

281 1316 329 1354 ad
349 1317 662 1367 cognoscendum
683 1315 847 1365 spatium
864 1315 1098 1365 relinquunt.
1144 1314 1314 1365 Impellit
1333 1313 1428 1351 alios

279 1378 450 1424 avaritia,
479 1378 575 1415 alios
594 1376 805 1422 iracundia,
838 1383 878 1413 et
899 1376 1108 1421 temeritas,
1142 1388 1240 1425 quae
1260 1374 1428 1412 maxime

277 1437 330 1474 illi
351 1438 547 1475 hominum
567 1436 699 1487 generi
728 1444 786 1474 est
806 1437 950 1481 innata,
980 1443 1023 1473 ut
1041 1437 1165 1474 levem
1192 1436 1431 1473 auditionem

278 1499 447 1536 habeant
466 1512 536 1550 pro
556 1511 597 1535 re
618 1505 827 1548 comperta.
882 1497 991 1534 Bona
1006 1497 1145 1534 civium
1166 1497 1430 1534 Romanorum

279 1560 478 1610 diripiunt,
511 1560 649 1597 caedes
678 1558 839 1604 faciunt,
868 1558 905 1595 in
934 1558 1158 1596 servitutem
1187 1557 1428 1595 abstrahunt.

276 1621 450 1670 Adjuvat
470 1633 549 1657 rem
570 1620 822 1671 proclinatam
844 1620 1178 1665 Convictolitanis,
1197 1619 1429 1670 plebemque

276 1682 326 1720 ad
343 1681 513 1719 furorem
532 1681 709 1732 impellit,
739 1688 794 1726 ut,
821 1681 994 1718 facinore
1014 1680 1192 1726 admisso,
1222 1679 1270 1717 ad
1290 1679 1430 1716 sanita-

279 1751 360 1781 tem
378 1743 523 1793 pudeat
542 1743 695 1780 reverti,
732 1741 791 1778 M.
812 1742 1014 1787 Aristium,
1035 1742 1230 1779 tribunum
1250 1741 1429 1787 militum,

280 1805 354 1842 iter
372 1804 422 1841 ad
441 1804 635 1854 legionem
655 1803 877 1849 facientem,
898 1804 988 1840 data
1005 1803 1095 1849 fide,
1116 1817 1165 1841 ex
1193 1803 1334 1854 oppido
1355 1803 1428 1840 Ca—

280 1866 425 1903 billono
445 1865 629 1903 educunt.
673 1865 783 1902 Idem
802 1864 930 1902 facere
951 1872 1097 1915 cogunt
1117 1877 1196 1909 eos,
1226 1864 1291 1915 qui
1310 1878 1430 1915 nego-

280 1926 402 1964 tiandi
430 1939 564 1964 caussa
584 1926 635 1963 ibi
670 1927 934 1963 constiterant.
990 1925 1075 1962 Hos
1096 1925 1280 1963 continuo
1309 1926 1347 1962 in
1367 1926 1428 1963 iti-

278 2001 372 2026 nere
400 1988 540 2033 adorti,
570 1987 746 2025 omnibus
776 1986 1058 2037 impedimentis
1078 1993 1250 2030 exuunt;
1287 2000 1428 2038 repug-

278 2057 421 2086 nantes
440 2048 541 2086 diem
557 2056 789 2099 noctemque
809 2048 1009 2085 obsident:
1033 2048 1163 2085 multis
1179 2048 1430 2099 utrinque-in-

278 2110 467 2155 terfectis,
495 2111 680 2160 majorem
699 2109 984 2147 multitudinem
1001 2110 1048 2146 ad
1067 2122 1173 2147 arma
1192 2110 1404 2147 concitant.

328 2171 478 2208 XLIII.
533 2171 707 2217 Interim,
727 2171 869 2208 nuncio
899 2171 1028 2216 allato,
1058 2183 1190 2208 omnes
1209 2183 1342 2207 eorum
1363 2170 1432 2207 mi-

278 2233 364 2270 lites
384 2233 422 2269 in
443 2239 635 2284 potestate
657 2232 830 2270 Caesaris
858 2232 996 2279 teneri,
1030 2240 1267 2270 concurrunt
1296 2232 1343 2269 ad
1374 2233 1430 2268 A-

279 2295 450 2333 ristium:
480 2294 574 2332 nihil
595 2294 749 2345 publico
782 2293 925 2332 factum
957 2294 1115 2333 consilio
1143 2294 1406 2332 demonstrant
1419 2306 1436 2329 :-
