1576 2693
464 277 684 316 PRIORIS
732 278 1028 317 EDITIONIS.
1303 290 1335 317 v

175 387 208 419 ⁴?
223 382 323 434 parti
343 382 514 433 corporis
531 382 757 433 scalpellum
777 382 986 421 adhibetur
1004 389 1120 432 atque
1140 381 1338 432 integrae:

183 449 210 468 “
226 443 449 481 carnificina
461 451 520 480 est
539 443 624 489 ista,
645 450 685 481 et
701 442 1158 481 crudelitas.”-Eximius
1169 443 1337 493 juvenis,

181 506 235 542 D.
255 505 428 550 Vossius,
448 504 527 555 qui,
558 517 700 555 magno
719 505 821 542 orbis
840 504 981 542 literati
1001 504 1248 550 detrimento,
1267 504 1337 542 im-

179 567 329 604 matura
348 573 471 603 morte
490 567 671 616 abreptus
689 573 761 611 est,
799 565 943 617 (primo
962 565 1065 602 enim
1090 572 1130 603 et
1149 565 1333 603 vicesimo

180 627 316 665 aetatis
348 639 450 664 anno
483 626 584 664 diem
613 626 709 664 obiit
736 625 982 677 supremum)
1015 635 1055 664 et
1081 625 1153 664 cel.
1183 625 1337 664 Oberli-

181 701 266 734 nus,
301 688 476 726 Caesaris
510 687 886 725 Commentariorum
919 687 1045 724 editor
1076 686 1334 738 nuperrimuS,

181 756 332 787 montes
351 748 465 786 etiam
486 762 508 786 a
528 748 770 786 meridionali
788 756 898 800 parte
920 748 1099 786 Rhodani
1113 748 1138 786 J
1144 762 1248 786 uram
1269 762 1336 786 an-

181 810 342 861 tiquitus
373 810 559 861 appellari
580 810 750 860 potuisse
780 809 1066 856 existimabant,
1103 822 1333 861 murumque

180 871 341 908 ductum
361 883 383 908 a
402 871 490 908 lacu
509 871 709 908 Lemanno
735 871 784 908 ad
811 879 980 908 montem
1008 872 1059 909 cis
1090 871 1338 918 Rhodanum,

187 931 262 983 (ita
280 931 490 982 loquuntur
519 931 704 982 Romani)
743 931 807 982 qui
839 932 954 969 hodie
973 931 1007 969 le
1033 932 1161 970 Waclzt
1190 945 1338 970 nuncu·

182 999 317 1042 patur:
351 992 489 1042 quibus
516 992 668 1030 accedit
687 992 804 1029 etiam
825 992 987 1042 Collega
1007 1004 1150 1038 noster,
1173 993 1211 1030 in
1231 992 1338 1031 hisce

182 1052 317 1090 studiis
329 1052 619 1097 versatissimus,
631 1047 802 1090 Jacobus
817 1052 998 1102 Playfair,
1014 1053 1053 1090 S.
1066 1053 1112 1090 T.
1128 1054 1179 1091 D.
1198 1053 1337 1105 (Geog.

180 1112 298 1163 antiq.
315 1118 349 1149 et
367 1112 459 1162 rec.)
482 1112 559 1150 Sed
575 1113 677 1150 unde
697 1112 772 1150 hoc
788 1113 920 1150 datum
940 1122 1096 1152 sumunt
1113 1114 1181 1152 viri
1202 1115 1336 1153 docti?

181 1173 287 1211 nulla
299 1173 400 1210 enirn
417 1173 520 1224 apud
533 1173 740 1224 scriptores
753 1181 904 1212 veteres
921 1176 1060 1212 montis
1071 1176 1192 1214 ,Jurae
1205 1177 1251 1214 ab
1264 1177 1338 1214 hac

182 1234 350 1272 fluminis
382 1242 492 1285 parte
511 1234 656 1272 mentio
686 1241 757 1272 est.
812 1235 928 1281 Tum,
961 1235 991 1272 si
1010 1236 1177 1273 maxime
1198 1249 1339 1274 conce-

186 1295 320 1333 damus
340 1302 512 1332 montem
533 1295 588 1333 cis
617 1295 849 1333 Rhodanum
869 1296 1004 1334 Juram
1031 1296 1150 1334 fuisse
1169 1297 1339 1347 appella-

182 1367 279 1402 tum,
300 1357 508 1407 quomodo,
528 1357 654 1402 sodes,
683 1369 792 1394 mons
812 1356 884 1394 iste
896 1357 1002 1407 fines
1022 1359 1273 1409 Sequanorum
1292 1358 1339 1396 ab

186 1416 372 1455 Helvetiis
390 1417 556 1455 dividere
573 1426 719 1468 posset,
739 1431 902 1467 quorum
932 1419 1057 1456 neutri
1078 1419 1339 1469 possessiones

184 1479 230 1515 ab
259 1479 332 1515 hac
362 1478 539 1516 Rhodani
572 1486 681 1529 parte
711 1479 905 1516 habebant
921 1479 1110 1517 .>-Multi
1143 1480 1257 1518 etiam
1287 1493 1338 1518 ex

186 1539 399 1577 editoribus
418 1553 569 1577 murum
597 1539 703 1577 hunc
721 1552 743 1577 a
762 1539 851 1577 lacu
872 1539 1086 1587 Lemanno,
1117 1553 1188 1591 per
1215 1541 1338 1592 ripam

183 1600 378 1646 Rhodani,
401 1600 450 1637 ad
476 1608 646 1638 montem
666 1600 800 1637 Juram
822 1600 869 1638 ab
889 1601 1182 1650 septentrionali
1210 1601 1337 1639 flumi-

185 1662 243 1698 nis
271 1669 380 1711 parte
402 1662 562 1698 ductum
583 1668 813 1698 statuerunt.
870 1661 960 1707 Sed,
981 1662 1011 1698 si
1031 1662 1084 1700 ita
1105 1675 1163 1699 res
1183 1661 1334 1709 fuisset,

184 1730 266 1759 turn
282 1721 484 1759 Helvetios
499 1722 560 1758 vizi
579 1722 743 1770 angust-21
758 1721 856 1759 inter
872 1729 1043 1758 montem
1058 1722 1193 1759 Juram
1213 1729 1252 1759 et
1267 1721 1338 1760 flu-

183 1796 273 1821 men
294 1783 527 1820 Rhodanum
548 1782 754 1820 intercludi
775 1796 934 1820 necesse
953 1791 1060 1827 erat;
1089 1795 1187 1834 quae
1207 1790 1338 1821 tamen

183 1844 258 1891 via,
278 1852 321 1882 ut
336 1856 385 1881 ex
405 1857 438 1881 c.
452 1847 488 1883 9.
505 1851 624 1894 patet,
644 1843 765 1881 libera
780 1843 1084 1894 relinquebatur,
1105 1845 1228 1895 eaque
1243 1844 1338 1882 Hel-

186 1909 294 1954 vetii,
314 1922 430 1959 quum
451 1908 571 1959 operis
600 1907 802 1945 munitione
820 1908 960 1958 repulsi
981 1916 1123 1954 essent,
1158 1921 1179 1945 e
1198 1909 1338 1947 finibus

186 1970 264 2006 suis
293 1969 613 2007 exierunt.-His
633 1969 809 2006 omnibus
840 1971 1052 2020 perpensis,
1085 1970 1215 2008 locum
1236 1970 1339 2009 hunc

185 2031 473 2068 vexatissimum
493 2031 598 2068 nullo
615 2031 702 2076 alio,
723 2044 834 2081 quam
853 2044 928 2081 quo
944 2031 1124 2077 diximus,
1145 2031 1260 2069 modo
1280 2044 1339 2069 sa-

187 2092 236 2129 tis
257 2092 458 2130 commode
478 2092 654 2142 expediri
679 2105 789 2141 posse
818 2092 1102 2130 existimamus:
1132 2092 1200 2130 sed
1219 2105 1339 2143 penes

186 2152 372 2189 lectorem
393 2152 585 2189 eruditum
603 2152 793 2201 judicium
814 2159 909 2189 esto.

240 2212 304 2248 Ad
324 2213 609 2264 verba—neque
627 2213 799 2251 dubitare
813 2213 981 2259 debeant,
1002 2214 1048 2250 L.
1063 2214 1094 2251 I.
1111 2228 1144 2252 c.
1169 2215 1227 2255 17.
1247 2214 1339 2252 doc-

187 2273 352 2310 tissimus
371 2273 548 2311 Clarkius
568 2275 664 2312 haec
680 2275 900 2312 annotavit:
925 2281 950 2297 “
973 2275 1037 2312 Sic
1055 2274 1172 2312 MSS.
1188 2282 1227 2313 et
1244 2275 1339 2313 editi

189 2340 214 2357 ‘⁶
235 2346 379 2372 omnes.
399 2342 585 2384 attamen,
611 2336 642 2372 si
661 2343 809 2374 attente
834 2337 1065 2388 perpendas,
1086 2336 1220 2375 haeret
1246 2349 1339 2376 eon-
