1556 2683
516 260 681 299 LIBER
735 259 809 298 111.
1203 264 1251 300 69

108 365 304 417 oppidum,
335 372 478 410 tamen,
511 365 566 402 uti
585 366 719 403 eadem
747 363 952 401 deditionis
972 363 1192 400 conditione
1211 376 1253 400 u·

108 433 266 472 teretur,
287 427 333 464 ab
355 427 492 464 Crasso
515 426 744 476 impetravit.

160 486 311 524 Xxlll.
366 486 496 523 Armis
522 487 794 536 obsidibusque
814 484 997 535 acceptis,
1030 484 1188 521 Crassus
1217 484 1255 520 in

108 547 204 584 fines
226 547 428 584 Vocatium
459 555 497 584 et
529 547 771 584 Tarusatium
801 546 997 597 profectus
1016 553 1086 582 est.
1155 545 1254 581 Tum

106 620 197 644 vero
216 608 366 645 barbari
388 608 582 653 commoti,
603 608 705 659 quod
726 608 923 658 oppidum,
949 615 987 644 ct
1015 614 1152 642 natura
1180 605 1255 643 loci

107 674 146 704 et
164 680 278 706 manu
298 669 501 713 munitum,
534 669 666 719 paucis
686 668 836 712 diebus,
866 666 1004 716 quibus
1023 678 1069 702 eo
1096 673 1253 702 ventum

107 736 204 774 erat,
224 737 487 780 expugnatum
509 736 785 779 cognoverant,
805 729 952 778 legatos
968 738 1255 778 quoquoversus

107 789 316 834 dimittere,
337 791 554 839 conjurare,
571 790 722 827 obsides
743 790 843 826 inter
857 802 897 826 se
917 789 1021 834 dare,
1042 787 1170 837 copias
1189 799 1255 837 pa-

106 863 203 896 rare,
225 858 452 900 coeperunt.
507 850 720 888 Mittuntur
739 851 851 888 etiam
867 850 917 887 ad
935 862 998 886 eas
1014 848 1186 886 civitates
1201 847 1255 884 le-

105 911 198 962 gati,
220 924 317 962 quae
337 919 426 949 sunt
458 912 645 949 citerioris
665 911 890 962 Hispaniae,
927 910 1111 947 finitimae
1132 908 1254 959 Aqui-

108 972 256 1009 taniae:
290 972 378 1010 inde
398 973 539 1010 auxilia
571 973 766 1023 ducesque
797 978 1054 1009 arcessuntur.
1092 983 1254 1020 quorum

105 1034 274 1070 adventu
306 1047 444 1083 magna
463 1046 552 1071 cum
586 1033 830 1083 auctoritate,
863 1041 903 1070 et
920 1044 1060 1082 magna
1080 1044 1166 1069 cum
1187 1031 1254 1068 ho-

106 1095 250 1131 minum
271 1094 531 1140 multitudine,
550 1095 693 1131 bellum
709 1106 845 1144 gerere
865 1100 1067 1130 conantur.
1120 1092 1255 1129 Duces

106 1169 196 1193 vero
218 1156 242 1192 ii
262 1156 496 1206 deliguntur,
513 1156 576 1206 qui
593 1168 669 1192 una
685 1169 772 1193 cum
789 1156 836 1197 Q.
854 1153 1024 1191 Sertorio
1040 1165 1173 1190 omnes
1188 1166 1256 1190 an·-

104 1231 174 1255 nos
192 1217 358 1262 fuerant,
379 1230 642 1267 summamque
658 1216 858 1254 scientiam
873 1215 927 1252 rei
944 1214 1118 1251 militaris
1136 1215 1254 1251 habe-

106 1292 147 1316 re
166 1278 497 1315 existimabantur.
540 1278 609 1324 Hi,
630 1277 910 1315 consuetudine
926 1276 1055 1327 populi
1077 1276 1255 1322 Romani,

103 1340 191 1377 loca
222 1352 375 1390 capere,
396 1347 522 1377 castra
540 1339 703 1385 munire,
724 1338 1000 1376 commeatibus
1020 1346 1170 1374 nostros
1197 1338 1254 1374 in-

103 1401 335 1445 tercludere,
357 1401 573 1438 instituunt.
616 1400 729 1442 Quod
754 1399 818 1436 ubi
839 1400 999 1437 Crassus
1017 1399 1255 1436 animadver-

102 1465 163 1509 tit,
193 1476 279 1501 suas
299 1462 430 1513 copias
442 1469 599 1512 propter
614 1461 866 1511 exiguitatem
887 1474 963 1497 non
982 1459 1094 1497 facile
1109 1460 1254 1506 diduci,

103 1526 252 1563 hostem
274 1532 313 1561 et
340 1524 484 1573 vagari,
515 1530 555 1560 et
579 1523 658 1560 vias
689 1522 878 1568 obsidere,
915 1528 955 1559 et
992 1522 1126 1559 castris
1162 1522 1254 1559 satis

103 1585 284 1637 praesidii
299 1585 535 1635 relinquere;
554 1584 602 1620 ob
619 1597 701 1621 eam
719 1596 891 1620 caussam
908 1583 1032 1619 minus
1052 1583 1253 1620 commode

103 1648 337 1684 frumentum
358 1652 693 1696 commeatumque
724 1645 794 1681 sibi
828 1644 1069 1694 supportari;
1105 1644 1144 1680 in
1173 1644 1255 1681 dies

101 1708 269 1745 hostium
302 1719 504 1744 numerum
537 1706 695 1756 augeri3
729 1719 806 1743 non
840 1705 1102 1743 cunctandum
1122 1706 1254 1743 existi-

102 1769 233 1814 mavit,
262 1768 353 1819 quin
373 1780 504 1818 pugna
530 1768 760 1805 decertaret.
815 1767 903 1804 Hae
924 1780 964 1804 re
984 1767 1032 1804 ad
1052 1767 1253 1804 consilium

103 1830 242 1875 delata,
257 1829 321 1867 ubi
338 1842 470 1866 omnes
486 1829 587 1866 idem
603 1828 744 1866 sentire
760 1828 967 1874 intellexit,
982 1837 1178 1879 posterum
1196 1830 1252 1866 di-

103 1904 162 1928 em
183 1903 336 1942 pugnae
365 1890 577 1927 constituit.

158 1953 305 1989 XXIV.
360 1951 487 1988 Prima
501 1951 588 1989 luce
607 1951 805 2002 productis
825 1952 1002 1989 omnibus
1022 1952 1156 2002 copiis,
1185 1953 1254 1990 du-

103 2013 194 2064 plici
224 2013 307 2050 acie
339 2012 526 2057 instituta,
559 2012 712 2048 auxiliis
741 2012 777 2049 in
809 2013 974 2050 inediam
1007 2013 1129 2049 aciem
1163 2026 1254 2050 con-

100 2073 230 2124 jectis,
250 2073 343 2124 quid
357 2073 488 2109 hostes
501 2072 649 2109 consilii
667 2081 864 2124 caperent,
884 2075 1150 2123 exspectabat.
1177 2074 1254 2120 llli,

103 2135 175 2173 etsi
194 2142 351 2186 propter
370 2133 670 2179 multitudinem,
700 2141 738 2171 et
768 2142 938 2171 veterem
965 2134 1056 2170 belli
1076 2134 1252 2184 gloriam,

103 2196 416 2246 paucitatemque
436 2192 669 2240 nostrorum,
701 2208 741 2232 se
760 2202 844 2232 tuto
875 2194 1124 2232 dimicaturos
1150 2195 1252 2232 exis-

105 2257 306 2301 timabant,
344 2264 471 2293 tamen
492 2256 612 2293 tutius
645 2268 728 2294 esse
761 2256 1061 2301 arbitrabantur,
1092 2256 1254 2293 obsessis

105 2317 188 2363 viis,
208 2324 424 2355 commeatu
444 2316 667 2362 intercluso,
701 2316 782 2353 sine
815 2315 890 2353 ullo
917 2314 1074 2353 vulnere
1094 2315 1254 2353 victoria
