1556 2683
302 249 372 285 146
580 246 654 284 DE
695 246 874 284 BELLO
915 246 1160 285 GALLICO

295 349 495 394 ardebant,
516 362 629 400 quam
645 364 731 388 cum
751 351 880 400 aliquo
895 350 1059 387 militum
1074 349 1305 387 detrimento
1325 362 1445 388 noce-

294 417 414 447 retur.
461 410 603 447 Caesar
622 411 671 447 ad
690 411 869 447 finitimas
889 410 1062 448 civitates
1082 409 1242 447 nuncios
1262 409 1444 447 dimittit:

294 484 426 508 omnes
446 472 495 508 ad
513 484 554 509 se
574 479 711 509 evocat
731 485 798 522 spe
826 471 992 522 praedae
1013 471 1061 508 ad
1074 470 1318 520 'diripiendos
1339 471 1446 508 Ebu-

293 544 420 578 rones,
451 539 494 568 ut
512 532 641 582 potius
662 533 698 569 in
719 532 819 570 silvis
849 531 1051 569 Gallorum
1070 531 1162 576 vita,
1193 545 1306 582 quam
1326 532 1445 582 legio-

293 592 421 629 narius
441 592 563 638 miles,
583 591 847 643 periclitetur3
867 592 979 629 simul
1000 598 1054 638 ut,
1074 605 1215 640 magna
1229 592 1444 630 multitudi-

292 667 341 691 ne
362 653 606 699 circumfusa,
628 667 695 703 pro
715 653 782 691 tali
800 653 987 698 facinore,
1007 653 1122 703 stirps
1136 666 1182 691 ac
1197 667 1338 691 nomen
1353 653 1446 691 civi-

293 715 381 752 tatis
418 715 590 752 tollatur.
641 714 810 765 Magnus
842 714 1013 765 undique
1047 728 1230 752 numerus
1264 715 1445 753 celeriter

292 776 487 813 convenit.

344 837 508 875 XXXV.
563 836 675 874 Haec
695 837 733 873 in
748 837 924 874 omnibus
940 835 1167 873 Eburonum
1181 837 1353 886 partibus
1373 849 1440 887 ge-

291 897 497 940 1·ebantur;
517 897 674 948 diesque
694 898 902 948 appetebat
922 909 1002 942 vn,
1024 910 1138 948 quem
1158 898 1206 934 ad
1221 897 1324 934 diem
1345 897 1444 935 Cae-

291 971 352 996 sar
370 958 419 996 ad
438 958 713 1009 impedimenta
727 959 999 1009 legionemque
1014 959 1156 996 reverti
1176 960 1444 998 constituerat.

291 1019 387 1064 Hic,
407 1027 592 1070 quantum
612 1020 650 1056 in
669 1020 772 1057 bello
791 1020 946 1057 fortuna
965 1020 1098 1069 possit,
1131 1027 1171 1057 et
1191 1028 1354 1070 quantos
1379 1022 1445 1059 ad-

293 1080 394 1119 ferat
413 1093 536 1126 casus,
558 1081 741 1131 cognosci
759 1081 898 1132 potuit.
936 1080 1145 1130 Dissipatis
1165 1093 1210 1118 ac
1231 1082 1444 1131 perterritis

292 1142 483 1189 hostibus,
503 1150 546 1180 ut
565 1142 928 1187 demonstravimus,
959 1155 1093 1180 manus
1109 1149 1192 1182 erat
1208 1143 1326 1190 nulla,
1347 1157 1445 1195 quae

293 1216 449 1254 parvam
466 1203 580 1241 modo
601 1216 774 1241 caussam
795 1202 941 1240 timor-is
961 1202 1143 1240 adferret.
1199 1202 1322 1240 Trans
1340 1204 1446 1243 Rhe-

293 1277 385 1301 num
417 1265 466 1302 ad
500 1264 716 1302 Germanos
745 1264 922 1315 pervenit
940 1264 1054 1308 fama,
1085 1263 1199 1314 diripi
1226 1263 1445 1312 Eburones,

294 1332 411 1375 atque
424 1325 527 1363 ultro
544 1338 676 1363 omnes
691 1325 739 1362 ad
752 1325 933 1375 praedam
950 1324 1114 1363 evocari.
1169 1325 1325 1375 Cogunt
1340 1327 1447 1377 equi-

295 1394 377 1427 tum
399 1399 432 1423 11
463 1386 582 1424 millia
616 1386 822 1436 Sigambri‚
855 1387 919 1437 qui
939 1393 1027 1424 sunt
1046 1386 1212 1436 proximi
1237 1386 1391 1434 Rheno,
1423 1401 1447 1426 a

294 1448 433 1499 quibus
453 1456 631 1499 receptos
649 1461 701 1485 ex
720 1447 813 1498 fuga
834 1447 1103 1486 Tenchtberos
1122 1455 1238 1498 atque
1265 1448 1446 1500 Usipetes

293 1522 409 1559 supra
428 1508 642 1547 docuimus.
697 1508 915 1546 Transeunt
940 1508 1120 1551 Rhenum
1149 1509 1322 1555 navibus,
1352 1511 1443 1548 rati·

293 1572 457 1622 busque,
490 1584 571 1609 xxx
589 1571 756 1608 millibus
773 1583 955 1622 passuum
975 1570 1074 1608 infra
1092 1584 1180 1608 eum
1201 1572 1345 1617 locum,
1376 1573 1444 1610 ubi

292 1647 390 1685 pons
410 1641 493 1671 erat
512 1633 777 1683 imperfectus,
802 1633 1112 1684 praesidiumque
1131 1633 1178 1670 ab
1200 1634 1365 1672 Caesare
1385 1647 1446 1672 re-

292 1695 429 1732 lictum
445 1710 454 1732 :
472 1694 615 1746 primos
629 1694 856 1732 Eburonum
876 1695 971 1732 fines
984 1695 1146 1738 adeunt;
1160 1696 1301 1733 multos
1315 1709 1365 1734 ex
1383 1696 1445 1734 fu-

294 1769 345 1806 ga
363 1756 555 1807 dispersos
575 1755 795 1806 excipiunt3
814 1768 954 1806 magno
974 1757 1124 1806 pecoris
1144 1770 1319 1804 numero,
1335 1759 1445 1808 cujus

294 1824 383 1855 sunt
405 1817 640 1869 cupidissimi
659 1816 826 1863 barbari,
847 1816 1059 1867 potiuntur.
1112 1817 1268 1856 Invitati
1287 1820 1444 1870 praeda,

292 1879 445 1929 longius
464 1878 708 1929 procedunt:
737 1892 815 1916 non
834 1879 904 1915 hos
932 1878 1041 1929 palus
1061 1879 1100 1916 in
1119 1879 1220 1917 bello
1248 1881 1445 1920 latrocini-

293 1940 403 1991 isque
423 1948 547 1986 natos,
566 1953 644 1977 non
668 1940 785 1978 silvae
805 1946 1026 1977 morantur:
1054 1941 1193 1991 quibus
1225 1942 1263 1979 in
1282 1942 1378 1981 locis
1397 1944 1446 1981 sit

294 2002 450 2048 Caesar,
479 2015 529 2040 ex
549 2001 711 2053 captivis
731 2008 944 2053 quaerunt;
971 2002 1190 2052 profectum
1215 2003 1366 2054 longius
1385 2017 1445 2042 re-

294 2064 462 2114 periunt,
483 2076 713 2114 omnemque
728 2063 942 2101 exercitum
956 2063 1176 2101 discessisse
1191 2072 1444 2115 cognoscunt.

292 2127 425 2176 Atque
441 2138 540 2162 unus
552 2138 602 2162 ex
618 2125 777 2175 captivis
794 2138 803 2161 ι
852 2130 878 2148 “
896 2124 1001 2167 Quid
1015 2138 1096 2171 vos,
1110 2125 1246 2176 inquit,
1262 2126 1362 2166 hanc
1374 2128 1444 2167 mi,-

293 2192 318 2211 “
338 2200 462 2225 seram
482 2199 526 2224 ac
543 2193 700 2224 tenuem
729 2186 930 2224 sectamini
960 2187 1156 2237 praedam,
1189 2187 1327 2238 quibus
1352 2189 1445 2227 licet

295 2254 320 2272 “
331 2252 410 2300 Jam
425 2261 508 2286 esse
520 2247 852 2286 fortunatissimis?
872 2260 924 2285 111
939 2248 1042 2285 horis
1052 2248 1300 2289 Aduatucam
1313 2250 1445 2289 venire

294 2314 320 2339 ‘·‘
335 2311 517 2362 potestis:
548 2311 625 2348 liu-c
645 2323 777 2348 omnes
793 2322 879 2348 suas
894 2309 1069 2349 fortunas
1084 2310 1283 2350 exercitus
1302 2312 1448 2363 Romaff
