1556 2683
490 210 658 248 LIBER
711 210 761 248 V.
1182 215 1233 253 95

81 313 334 352 Arduennam
353 313 507 360 abditis,
535 328 647 366 quae,
676 314 824 364 ingenti
853 314 1132 365 magnitudine,
1163 329 1233 366 per

78 375 226 414 medios
244 375 339 413 fines
360 375 605 413 Trevirorum
624 389 648 414 a
665 375 824 413 flumine
848 376 984 413 Rheno
1004 377 1053 414 ad
1079 377 1231 414 initium

79 434 290 474 Remorum
311 437 493 487 pertinet,
509 437 652 475 bellum
667 449 802 488 parare
818 437 996 476 instituit.
1024 438 1106 485 sed,
1126 446 1232 488 post-

76 510 236 548 eaquam
270 498 442 535 nonnulli
463 498 656 549 principes
687 511 738 535 ex
757 510 804 535 ea
823 498 992 544 civitate,
1013 507 1052 536 et
1070 498 1230 537 familia-

77 559 191 596 ritate
212 559 473 610 Cingetorigis
493 559 663 605 adducti,
697 567 737 597 et
755 559 924 597 adventu
939 560 1059 597 nostri
1079 561 1230 598 exerci-

75 628 138 659 tus
157 621 368 672 perterriti,
400 620 449 658 ad
483 621 687 659 Caesarem
706 628 910 666 venerunt,
930 628 969 658 et
989 621 1037 658 de
1056 621 1134 659 suis
1153 622 1230 672 pri-

73 682 191 720 vatim
211 683 326 720 rebus
346 683 393 719 ab
410 695 456 720 eo
476 690 609 733 petere
629 689 857 733 coeperunt,
879 682 1058 732 quonlam
1081 682 1227 720 civitati

75 743 277 781 consulere
298 757 374 781 non
395 751 577 794 possent:
606 744 914 789 lnduciomarus,
933 744 1090 788 veritus,
1113 757 1160 781 ne
1179 745 1230 782 ab

72 805 250 843 omnibus
270 805 529 851 desereretur,
548 805 697 855 legatos
712 805 762 842 ad
778 805 984 842 Caesarem
1003 805 1123 842 mittit
1139 819 1148 842 :
1168 818 1227 844 se-

71 878 112 903 se
132 865 277 903 idcirco
297 866 344 904 ab
364 866 440 903 suis
460 865 672 912 discedere,
692 873 809 916 atque
830 865 879 902 ad
898 878 984 902 eum
1006 866 1138 903 venire
1158 880 1228 904 no-

71 926 203 973 luisse,
231 940 307 978 quo
326 927 476 965 facilius
496 927 690 965 civitatem
711 927 750 964 in
770 926 895 964 officio
915 927 1147 973 contineret,
1177 942 1226 966 ne

73 988 196 1026 omnis
216 988 425 1026 nobilitatis
453 989 625 1027 discessu
655 988 765 1039 plebs
793 995 952 1038 propter
972 988 1228 1038 imprudenti-

70 1061 132 1086 am
148 1048 368 1086 laberetur:
397 1049 526 1100 itaque
546 1049 847 1086 essecivitatem
867 1049 905 1085 in
925 1061 994 1086 sua
1013 1057 1204 1099 potestate
1218 1067 1233 1095 ;-

72 1121 206 1160 seque,
226 1110 257 1146 si
278 1110 420 1147 Caesar
439 1111 695 1161 permitteret,
715 1110 763 1147 ad
778 1122 865 1146 eum
886 1110 924 1146 in
945 1117 1071 1147 castra
1089 1119 1225 1149 ventu·

69 1183 168 1216 rum,
203 1178 243 1208 et
269 1183 357 1209 suas
386 1171 627 1222 civitatisque
657 1171 832 1208 fortunas
852 1172 936 1221 ejus
954 1171 1043 1209 fidei
1064 1173 1224 1222 permis-

70 1243 215 1269 surum.

116 1292 187 1330 IV.
241 1293 397 1341 Caesar,
417 1295 489 1333 etsi
508 1294 763 1346 intelligebat,
784 1307 859 1346 qua
877 1294 926 1332 de
947 1307 1084 1333 caussa
1102 1308 1147 1333 ea
1167 1296 1224 1334 di-

67 1362 262 1401 cerentur,
295 1368 472 1407 quaeque
505 1369 593 1394 eum
613 1369 674 1394 res
692 1357 741 1394 ab
770 1356 946 1394 instituto
967 1357 1127 1395 consilio
1155 1358 1223 1395 de-

65 1423 244 1462 terreret,
264 1423 408 1462 tamen,
440 1430 490 1456 ne
522 1425 708 1456 aestatem
741 1417 779 1455 in
805 1418 974 1455 Treviris
994 1431 1223 1458 consumere

64 1485 284 1529 cogeretur,
297 1479 475 1516 omnibus
489 1479 537 1517 ad
552 1478 816 1517 Britannicum
830 1479 973 1517 bellum
990 1481 1103 1518 rebus
1116 1493 1223 1518 corn-

61 1539 221 1590 paratis,
242 1539 554 1578 lnduciomarum
570 1541 619 1578 ad
636 1554 678 1578 se
698 1554 787 1578 cum
807 1553 854 1578 cc
875 1541 1072 1578 obsidibus
1089 1542 1220 1579 venire

60 1601 188 1652 jussit.
244 1601 319 1639 His
352 1601 542 1648 adductis,
576 1602 614 1639 in
634 1602 678 1640 iis
696 1602 789 1648 filio,
814 1602 1116 1653 propinquisque
1136 1605 1221 1653 ejus

66 1662 257 1708 omnibus,
278 1676 374 1714 quos
393 1663 619 1701 nominatim
639 1671 881 1709 evocaverat,
915 1663 1133 1701 consolatus
1154 1665 1219 1701 ln-

64 1722 344 1770 duciomarum,
373 1725 626 1776 hortatusque
646 1733 719 1772 est,
739 1725 794 1763 uti
814 1725 852 1762 in
872 1725 997 1763 officio
1017 1739 1220 1776 permane-

62 1792 146 1822 ret:
165 1785 287 1823 nihilo
307 1794 436 1823 tamen
455 1787 595 1832 secius,
622 1787 862 1838 principibus
892 1787 1138 1824 Trevirorum
1170 1788 1220 1826 ad

61 1857 104 1882 se
123 1846 360 1893 convocatis,
381 1847 452 1884 hos
472 1847 695 1897 singillatim
721 1848 963 1898 Cingetorigi
982 1849 1217 1887 conciliavit.

64 1907 168 1957 quod
187 1921 304 1958 quum
325 1908 463 1945 merito
483 1910 565 1958 ejus
598 1909 646 1945 ab
677 1921 718 1946 se
743 1909 826 1946 fieri
846 1909 1101 1959 intelligebat,
1135 1919 1218 1948 tum

60 1968 190 2018 magni
209 1969 396 2007 interesse
417 1970 687 2016 arbitrabatur,
721 1972 805 2020 ejus
824 1972 1096 2009 auctoritatem
1117 1972 1217 2009 inter

60 2041 150 2066 suos
169 2030 491 2082 quamplurimum
510 2031 651 2078 valere,
671 2035 781 2084 quus
803 2041 879 2070 tam
899 2033 1097 2083 egregiam
1117 2034 1155 2070 in
1175 2047 1217 2072 se

58 2090 297 2129 voluntatem
315 2094 589 2144 perspexisset.
625 2093 672 2132 Id
690 2094 837 2132 factum
856 2095 1025 2145 graviter
1044 2095 1131 2132 tulit
1152 2095 1215 2132 ln-

60 2151 321 2200 duciomarus,
355 2167 462 2192 suam
482 2155 645 2205 gratiam
666 2155 766 2193 inter
786 2168 874 2193 suos
893 2156 1040 2193 minui:
1076 2164 1128 2203 et,
1149 2157 1215 2207 qui

56 2215 136 2262 jam
155 2221 245 2252 ante
265 2214 422 2254 inimico
443 2216 481 2252 in
508 2229 577 2255 nos
596 2217 725 2256 animo
743 2216 893 2264 fuisset,
923 2217 1044 2256 multo
1063 2219 1215 2269 gravius

59 2274 134 2312 hoc
153 2275 286 2314 dolore
307 2277 466 2315 exarsit.

1531 2631 1556 2683 lsi
