1556 2683
518 226 684 265 LIBER
737 227 827 265 V11.
1195 232 1264 269 181

122 331 232 370 sertis
260 331 677 377 animadvertebantur,
708 331 811 382 quod
832 330 981 381 insigne
1008 331 1155 381 pacatis
1182 345 1267 370 esse

123 392 344 437 consuerat,
364 399 492 430 tamen
513 393 550 429 id
581 393 701 443 ipsum
723 392 779 429 sui
800 392 955 430 fallendi
977 404 1110 429 caussa
1128 392 1269 431 milites

123 454 171 491 ab
199 453 373 490 hostibus
406 453 548 490 factum
580 453 863 490 existimabant.
920 451 1064 489 Eodem
1095 459 1269 503 tempore

122 513 170 550 L.
191 513 330 550 Fabius
350 513 539 559 centurio,
560 513 700 564 quique
717 526 791 550 una
806 525 956 550 murum
973 511 1268 560 adscenderant,

125 574 378 612 circumventi
396 582 512 624 atque
533 574 741 620 interfecti,
761 574 809 610 de
829 586 938 611 muro
953 572 1268 624 praecipitantur.

122 634 180 672 M.
202 635 392 681 Petreius,
413 635 584 685 ejusdem
605 635 767 685 legionis
787 634 975 680 centurio,
1002 647 1118 684 quum
1139 642 1270 685 portas

121 696 302 734 excidere
323 705 482 734 conatus
502 703 615 741 esset,
648 710 670 733 a
698 696 942 733 multitudine
974 708 1194 746 oppressus,
1224 709 1270 734 ac

121 757 192 795 sibi
212 757 432 808 desperans,
452 757 581 794 multis
597 759 676 807 jam
696 757 916 795 vulneribus
935 756 1120 806 acceptis,
1147 756 1269 795 mani·

121 818 316 868 pularibus
335 818 426 864 suis,
447 818 511 868 qui
532 818 637 854 illum
658 818 782 855 secuti
801 825 923 863 erant,
945 822 971 840 “
988 818 1193 864 Quoniam,
1214 818 1271 855 in-

121 884 147 903 “
167 879 264 930 quit,
283 892 344 916 me
361 892 436 916 una
452 879 648 916 vobiscum
669 891 819 917 servare
836 892 912 916 non
928 892 1097 930 possum,
1117 886 1268 917 vestrae

122 945 149 974 ,“
170 940 324 991 quidem
340 948 445 977 certe
460 939 558 977 vitae
570 939 815 990 prospiciam,
836 953 945 990 quos,
966 939 1176 990 cupiditate
1188 940 1270 990 glo-

121 1006 148 1024 “
167 1001 246 1038 riae
265 1000 469 1046 adductus,
489 1000 527 1037 in
547 1001 758 1051 periculum
779 1001 937 1038 deduxi.
983 1001 1075 1046 Vos,
1104 1001 1195 1040 data
1213 1002 1270 1040 fa-

121 1066 148 1085 “
168 1062 328 1107 castate,
356 1062 462 1099 vobis
482 1062 714 1099 consulite.’'
761 1061 882 1099 Simul
905 1062 944 1098 in
972 1061 1119 1099 medios
1139 1062 1270 1100 hostes

120 1123 281 1173 irrupit:
309 1123 534 1173 duobusque
554 1122 782 1168 interfectis,
803 1122 970 1173 reliquos
990 1135 1012 1160 a
1030 1131 1142 1173 porta
1160 1124 1270 1174 paul-

121 1184 200 1221 lum
221 1183 424 1221 submovit.
480 1184 720 1222 Conantibus
740 1184 915 1221 auxiliari
934 1183 1024 1227 suis,
1054 1189 1079 1206 “
1101 1183 1270 1231 Frustra,

121 1250 148 1279 .“
168 1245 305 1296 inquit,
336 1257 444 1282 meae
463 1245 563 1282 vitae
582 1245 786 1282 subvenire
816 1245 1023 1289 conamini,
1055 1258 1168 1295 quem
1192 1247 1272 1295 jam

121 1310 148 1338 4‘
167 1305 322 1355 sanguis
336 1305 512 1356 viresque
528 1305 726 1344 deficiunt.
756 1305 924 1342 Proinde
939 1305 1029 1343 hinc
1045 1306 1161 1352 abite,
1178 1306 1270 1344 dum

120 1372 146 1390 “
166 1374 225 1404 est
239 1367 413 1412 facultas,
433 1379 576 1417 vosque
593 1367 641 1404 ad
656 1366 849 1417 legionem
866 1366 1070 1417 recipite.'’
1099 1368 1160 1405 Ita
1175 1382 1272 1419 pug-

119 1441 216 1466 nans
236 1436 322 1479 post
340 1428 553 1479 paullulum
573 1428 759 1473 concidit,
780 1441 826 1466 ac
845 1428 922 1465 suis
942 1428 1054 1466 saluti
1074 1427 1162 1466 fuit.

169 1490 238 1527 LI.
308 1489 453 1535 Nostri,
500 1503 616 1539 quum
651 1489 821 1540 undique
852 1498 1134 1540 premerentur,
1175 1503 1271 1528 va1

121 1551 412 1590 centurionibus
431 1550 594 1596 amissis,
623 1550 765 1600 dejecti
785 1558 874 1587 sunt
899 1551 1012 1589 loco:
1040 1551 1108 1589 sed
1135 1551 1272 1589 intole-

120 1613 265 1652 rantius
285 1611 418 1649 Gallos
438 1612 684 1662 insequentes
714 1612 817 1662 legio
836 1624 862 1648 x
883 1613 1062 1659 tardavit,
1083 1627 1181 1664 quae
1200 1628 1271 1664 pro

119 1674 289 1712 subsidio
309 1674 437 1724 paullo
457 1673 640 1723 aequiore
655 1673 742 1710 loco
763 1673 1001 1711 constiterat.
1055 1674 1171 1712 Hanc
1188 1688 1270 1712 rur-

120 1749 184 1773 sus
204 1747 285 1772 xm
306 1735 468 1783 legionis
488 1734 668 1771 cohortes
696 1742 951 1784 exceperunt,
980 1747 1092 1785 quae,
1120 1748 1170 1772 ex
1190 1748 1272 1773 cas-

120 1797 188 1834 tris
208 1796 419 1833 minoribus
439 1795 618 1841 eductae,
651 1808 738 1832 cum
761 1795 806 1831 T.
829 1795 963 1833 Sextio
982 1796 1112 1846 legato
1144 1797 1272 1836 locum

120 1865 300 1908 ceperant
320 1856 570 1907 superiorem.
624 1855 831 1905 Legiones,
862 1856 927 1894 ubi
955 1857 1120 1907 primum
1148 1859 1271 1909 plani-

119 1919 211 1956 tiem
231 1919 456 1967 attigerunt,
485 1916 632 1954 infestis
651 1923 785 1953 contra
804 1917 934 1954 hostes
949 1918 1068 1967 signis
1087 1918 1271 1956 constite-

120 1987 223 2018 runt.
289 1979 587 2029 Vercingetorix
617 1979 665 2015 ab
696 1978 889 2016 radicibus
920 1979 1026 2016 collis
1057 1992 1146 2017 suos
1173 1980 1273 2018 intra

120 2041 352 2079 munitiones
380 2040 547 2078 reduxit.
602 2039 660 2077 Eo
693 2040 755 2077 die
775 2039 916 2077 milites
945 2048 1035 2078 sunt
1053 2041 1182 2091 paullo
1202 2042 1272 2078 mi-

120 2115 191 2139 nus
215 2114 291 2139 Dec
311 2101 529 2139 desiderati.

171 2162 260 2199 L11.
314 2162 477 2199 Postero
497 2162 558 2199 die
589 2162 744 2207 Caesar,
774 2162 962 2200 concione
982 2161 1182 2208 advocata,
1210 2168 1267 2200 te-

121 2224 338 2261 meritatem
359 2223 688 2274 cupiditatemque
705 2223 867 2261 militum
885 2223 1145 2274 reprehendit,
1165 2224 1271 2274 quod

122 2285 192 2323 sibi
211 2284 281 2338 ipsi
296 2285 588 2336 judicavissent,
609 2299 686 2337 quo
714 2285 1003 2337 procedendum
1023 2292 1090 2322 aut
1109 2285 1202 2336 quid
1229 2297 1269 2322 a·
