<?xml version="1.0" encoding="UTF-8"?>
<!DOCTYPE html PUBLIC "-//W3C//DTD XHTML 1.0 Transitional//EN"
    "http://www.w3.org/TR/xhtml1/DTD/xhtml1-transitional.dtd">
<html xmlns="http://www.w3.org/1999/xhtml" xml:lang="en" lang="en">
 <head>
  <title>
</title>
<meta http-equiv="Content-Type" content="text/html;charset=utf-8" />
  <meta name='ocr-system' content='tesseract 3.04.00' />
  <meta name='ocr-capabilities' content='ocr_page ocr_carea ocr_par ocr_line ocrx_word'/>
</head>
<body>
  <div class='ocr_page' id='page_1' title='image "./debellogallicoet01caesuoft_0134.png"; bbox 0 0 1556 2683; ppageno 0'>
   <div class='ocr_carea' id='block_1_1' title="bbox 290 255 1148 295">
    <p class='ocr_par' dir='ltr' id='par_1_1' title="bbox 290 255 1148 295">
     <span class='ocr_line' id='line_1_1' title="bbox 290 255 1148 295; baseline -0.002 0"><span class='ocrx_word' id='word_1_1' title='bbox 290 260 367 295; x_wconf 84' lang='lat'><strong>110</strong></span> <span class='ocrx_word' id='word_1_2' title='bbox 571 257 645 293; x_wconf 90' lang='lat' dir='ltr'><strong>DE</strong></span> <span class='ocrx_word' id='word_1_3' title='bbox 686 256 864 294; x_wconf 88' lang='lat' dir='ltr'>BELLO</span> <span class='ocrx_word' id='word_1_4' title='bbox 904 255 1148 294; x_wconf 91' lang='lat' dir='ltr'><strong>GALLICO</strong></span> 
     </span>
    </p>
   </div>
   <div class='ocr_carea' id='block_1_2' title="bbox 284 357 1441 2361">
    <p class='ocr_par' dir='ltr' id='par_1_2' title="bbox 285 357 1441 1385">
     <span class='ocr_line' id='line_1_2' title="bbox 289 357 1432 411; baseline -0.002 -13"><span class='ocrx_word' id='word_1_5' title='bbox 289 360 489 398; x_wconf 87' lang='lat' dir='ltr'><strong>consilium</strong></span> <span class='ocrx_word' id='word_1_6' title='bbox 511 359 624 398; x_wconf 83' lang='lat' dir='ltr'><strong>fuisse</strong></span> <span class='ocrx_word' id='word_1_7' title='bbox 645 368 838 411; x_wconf 85' lang='lat' dir='ltr'><strong>capturos,</strong></span> <span class='ocrx_word' id='word_1_8' title='bbox 857 372 983 410; x_wconf 89' lang='lat' dir='ltr'><strong>neque</strong></span> <span class='ocrx_word' id='word_1_9' title='bbox 1004 359 1217 404; x_wconf 85' lang='lat' dir='ltr'><strong>Eburones,</strong></span> <span class='ocrx_word' id='word_1_10' title='bbox 1237 357 1267 395; x_wconf 90' lang='lat' dir='ltr'><strong>si</strong></span> <span class='ocrx_word' id='word_1_11' title='bbox 1286 357 1348 396; x_wconf 86' lang='lat' dir='ltr'><strong>ille</strong></span> <span class='ocrx_word' id='word_1_12' title='bbox 1367 358 1432 396; x_wconf 87' lang='lat' dir='ltr'><strong>ad-</strong></span> 
     </span>
     <span class='ocr_line' id='line_1_3' title="bbox 288 421 1431 467; baseline -0.002 -8"><span class='ocrx_word' id='word_1_13' title='bbox 288 429 404 467; x_wconf 83' lang='lat' dir='ltr'><strong>esset,</strong></span> <span class='ocrx_word' id='word_1_14' title='bbox 436 427 542 458; x_wconf 86' lang='lat' dir='ltr'><strong>tanta</strong></span> <span class='ocrx_word' id='word_1_15' title='bbox 563 435 650 459; x_wconf 91' lang='lat' dir='ltr'><strong>cum</strong></span> <span class='ocrx_word' id='word_1_16' title='bbox 671 421 930 459; x_wconf 78' lang='lat' dir='ltr'>contemtione</span> <span class='ocrx_word' id='word_1_17' title='bbox 949 421 1068 458; x_wconf 85' lang='lat' dir='ltr'>nostri</span> <span class='ocrx_word' id='word_1_18' title='bbox 1087 421 1136 457; x_wconf 89' lang='lat' dir='ltr'><strong>ad</strong></span> <span class='ocrx_word' id='word_1_19' title='bbox 1155 427 1279 457; x_wconf 84' lang='lat' dir='ltr'><strong>castra</strong></span> <span class='ocrx_word' id='word_1_20' title='bbox 1301 427 1431 458; x_wconf 89' lang='lat' dir='ltr'><strong>ventu-</strong></span> 
     </span>
     <span class='ocr_line' id='line_1_4' title="bbox 288 481 1430 530; baseline -0.002 -11"><span class='ocrx_word' id='word_1_21' title='bbox 288 496 350 520; x_wconf 90' lang='lat' dir='ltr'><strong>ros</strong></span> <span class='ocrx_word' id='word_1_22' title='bbox 369 495 463 519; x_wconf 86' lang='lat' dir='ltr'><strong>esse.</strong></span> <span class='ocrx_word' id='word_1_23' title='bbox 499 495 575 519; x_wconf 91' lang='lat' dir='ltr'><strong>non</strong></span> <span class='ocrx_word' id='word_1_24' title='bbox 594 483 742 519; x_wconf 87' lang='lat' dir='ltr'><strong>hostem</strong></span> <span class='ocrx_word' id='word_1_25' title='bbox 766 490 974 526; x_wconf 84' lang='lat' dir='ltr'><strong>auctorem,</strong></span> <span class='ocrx_word' id='word_1_26' title='bbox 1007 481 1074 518; x_wconf 88' lang='lat' dir='ltr'><strong>sed</strong></span> <span class='ocrx_word' id='word_1_27' title='bbox 1104 494 1199 526; x_wconf 89' lang='lat' dir='ltr'><strong>rem,</strong></span> <span class='ocrx_word' id='word_1_28' title='bbox 1230 487 1430 530; x_wconf 87' lang='lat' dir='ltr'><strong>spectare:</strong></span> 
     </span>
     <span class='ocr_line' id='line_1_5' title="bbox 289 541 1434 592; baseline -0.003 -12"><span class='ocrx_word' id='word_1_29' title='bbox 289 545 444 580; x_wconf 84' lang='lat' dir='ltr'><strong>subesse</strong></span> <span class='ocrx_word' id='word_1_30' title='bbox 466 542 643 580; x_wconf 82' lang='lat' dir='ltr'><strong>Rhenum</strong></span> <span class='ocrx_word' id='word_1_31' title='bbox 660 558 669 586; x_wconf 93' lang='grc'><strong>;</strong></span> <span class='ocrx_word' id='word_1_32' title='bbox 695 556 834 592; x_wconf 87' lang='lat' dir='ltr'><strong>magno</strong></span> <span class='ocrx_word' id='word_1_33' title='bbox 854 555 937 580; x_wconf 91' lang='lat' dir='ltr'><strong>esse</strong></span> <span class='ocrx_word' id='word_1_34' title='bbox 953 541 1156 579; x_wconf 86' lang='lat' dir='ltr'><strong>Germanis</strong></span> <span class='ocrx_word' id='word_1_35' title='bbox 1176 541 1300 578; x_wconf 88' lang='lat' dir='ltr'><strong>dolori</strong></span> <span class='ocrx_word' id='word_1_36' title='bbox 1320 541 1434 578; x_wconf 90' lang='lat' dir='ltr'><strong>Ario-</strong></span> 
     </span>
     <span class='ocr_line' id='line_1_6' title="bbox 287 602 1434 654; baseline -0.002 -14"><span class='ocrx_word' id='word_1_37' title='bbox 287 604 374 641; x_wconf 86' lang='lat' dir='ltr'><strong>visti</strong></span> <span class='ocrx_word' id='word_1_38' title='bbox 404 611 580 649; x_wconf 87' lang='lat' dir='ltr'><strong>mortem,</strong></span> <span class='ocrx_word' id='word_1_39' title='bbox 611 611 650 641; x_wconf 81' lang='lat' dir='ltr'><strong>ct</strong></span> <span class='ocrx_word' id='word_1_40' title='bbox 669 603 883 654; x_wconf 84' lang='lat' dir='ltr'><strong>superiores</strong></span> <span class='ocrx_word' id='word_1_41' title='bbox 904 610 1051 640; x_wconf 89' lang='lat' dir='ltr'><strong>nostras</strong></span> <span class='ocrx_word' id='word_1_42' title='bbox 1071 602 1274 640; x_wconf 88' lang='lat' dir='ltr'><strong>victorias:</strong></span> <span class='ocrx_word' id='word_1_43' title='bbox 1299 603 1434 640; x_wconf 86' lang='lat' dir='ltr'><strong>ardere</strong></span> 
     </span>
     <span class='ocr_line' id='line_1_7' title="bbox 287 664 1431 715; baseline -0.003 -13"><span class='ocrx_word' id='word_1_44' title='bbox 287 665 465 710; x_wconf 81' lang='lat' dir='ltr'>Galliam,</span> <span class='ocrx_word' id='word_1_45' title='bbox 499 672 556 702; x_wconf 89' lang='lat' dir='ltr'><strong>tot</strong></span> <span class='ocrx_word' id='word_1_46' title='bbox 577 665 818 702; x_wconf 90' lang='lat' dir='ltr'><strong>contumeliis</strong></span> <span class='ocrx_word' id='word_1_47' title='bbox 837 664 1020 715; x_wconf 89' lang='lat' dir='ltr'><strong>acceptis,</strong></span> <span class='ocrx_word' id='word_1_48' title='bbox 1056 664 1125 701; x_wconf 90' lang='lat' dir='ltr'><strong>sub</strong></span> <span class='ocrx_word' id='word_1_49' title='bbox 1141 664 1273 714; x_wconf 84' lang='lat' dir='ltr'><strong>populi</strong></span> <span class='ocrx_word' id='word_1_50' title='bbox 1290 664 1431 700; x_wconf 86' lang='lat' dir='ltr'><strong>Rorna-</strong></span> 
     </span>
     <span class='ocr_line' id='line_1_8' title="bbox 289 723 1434 776; baseline -0.002 -14"><span class='ocrx_word' id='word_1_51' title='bbox 289 726 328 762; x_wconf 90' lang='lat' dir='ltr'><strong>ni</strong></span> <span class='ocrx_word' id='word_1_52' title='bbox 349 725 548 776; x_wconf 87' lang='lat' dir='ltr'><strong>imperium</strong></span> <span class='ocrx_word' id='word_1_53' title='bbox 569 727 778 771; x_wconf 88' lang='lat' dir='ltr'><strong>redactam,</strong></span> <span class='ocrx_word' id='word_1_54' title='bbox 808 725 1005 776; x_wconf 76' lang='lat' dir='ltr'><strong>superiore</strong></span> <span class='ocrx_word' id='word_1_55' title='bbox 1036 725 1158 775; x_wconf 85' lang='lat' dir='ltr'><strong>gloria</strong></span> <span class='ocrx_word' id='word_1_56' title='bbox 1187 724 1241 760; x_wconf 88' lang='lat' dir='ltr'><strong>rei</strong></span> <span class='ocrx_word' id='word_1_57' title='bbox 1261 723 1434 760; x_wconf 88' lang='lat' dir='ltr'><strong>militaris</strong></span> 
     </span>
     <span class='ocr_line' id='line_1_9' title="bbox 289 785 1434 836; baseline -0.002 -13"><span class='ocrx_word' id='word_1_58' title='bbox 289 787 477 824; x_wconf 85' lang='lat' dir='ltr'><strong>extincta.</strong></span> <span class='ocrx_word' id='word_1_59' title='bbox 532 786 747 831; x_wconf 86' lang='lat' dir='ltr'><strong>Postremo,</strong></span> <span class='ocrx_word' id='word_1_60' title='bbox 767 786 850 836; x_wconf 88' lang='lat' dir='ltr'><strong>quis</strong></span> <span class='ocrx_word' id='word_1_61' title='bbox 869 786 942 823; x_wconf 92' lang='lat' dir='ltr'><strong>hoc</strong></span> <span class='ocrx_word' id='word_1_62' title='bbox 962 786 1031 823; x_wconf 91' lang='lat' dir='ltr'><strong>sibi</strong></span> <span class='ocrx_word' id='word_1_63' title='bbox 1051 785 1314 836; x_wconf 85' lang='lat' dir='ltr'><strong>persuaderet,</strong></span> <span class='ocrx_word' id='word_1_64' title='bbox 1353 785 1434 822; x_wconf 89' lang='lat' dir='ltr'><strong>sine</strong></span> 
     </span>
     <span class='ocr_line' id='line_1_10' title="bbox 290 847 1434 898; baseline -0.001 -14"><span class='ocrx_word' id='word_1_65' title='bbox 290 853 396 884; x_wconf 86' lang='lat' dir='ltr'><strong>certa</strong></span> <span class='ocrx_word' id='word_1_66' title='bbox 416 860 457 884; x_wconf 88' lang='lat' dir='ltr'><strong>re</strong></span> <span class='ocrx_word' id='word_1_67' title='bbox 479 847 743 898; x_wconf 87' lang='lat' dir='ltr'><strong>Ambiorigem</strong></span> <span class='ocrx_word' id='word_1_68' title='bbox 772 847 820 884; x_wconf 86' lang='lat' dir='ltr'><strong>ad</strong></span> <span class='ocrx_word' id='word_1_69' title='bbox 847 847 1035 897; x_wconf 89' lang='lat' dir='ltr'><strong>ejusmodi</strong></span> <span class='ocrx_word' id='word_1_70' title='bbox 1055 847 1254 884; x_wconf 90' lang='lat' dir='ltr'><strong>consilium</strong></span> <span class='ocrx_word' id='word_1_71' title='bbox 1274 847 1434 883; x_wconf 90' lang='lat' dir='ltr'><strong>descen-</strong></span> 
     </span>
     <span class='ocr_line' id='line_1_11' title="bbox 287 907 1437 958; baseline 0 -14"><span class='ocrx_word' id='word_1_72' title='bbox 287 907 416 946; x_wconf 86' lang='lat' dir='ltr'><strong>disse?</strong></span> <span class='ocrx_word' id='word_1_73' title='bbox 475 908 590 945; x_wconf 87' lang='lat' dir='ltr'><strong>Suam</strong></span> <span class='ocrx_word' id='word_1_74' title='bbox 624 908 851 946; x_wconf 86' lang='lat' dir='ltr'><strong>sententiam</strong></span> <span class='ocrx_word' id='word_1_75' title='bbox 884 908 920 944; x_wconf 93' lang='lat' dir='ltr'><strong>in</strong></span> <span class='ocrx_word' id='word_1_76' title='bbox 942 916 1140 958; x_wconf 88' lang='lat' dir='ltr'><strong>utramque</strong></span> <span class='ocrx_word' id='word_1_77' title='bbox 1172 914 1319 958; x_wconf 87' lang='lat' dir='ltr'><strong>partem</strong></span> <span class='ocrx_word' id='word_1_78' title='bbox 1354 920 1437 944; x_wconf 88' lang='lat' dir='ltr'><strong>esse</strong></span> 
     </span>
     <span class='ocr_line' id='line_1_12' title="bbox 285 968 1427 1019; baseline 0 -14"><span class='ocrx_word' id='word_1_79' title='bbox 285 976 430 1006; x_wconf 88' lang='lat' dir='ltr'><strong>tutam:</strong></span> <span class='ocrx_word' id='word_1_80' title='bbox 468 969 498 1006; x_wconf 83' lang='lat' dir='ltr'><strong>si</strong></span> <span class='ocrx_word' id='word_1_81' title='bbox 517 969 568 1005; x_wconf 86' lang='lat' dir='ltr'><strong>nil</strong></span> <span class='ocrx_word' id='word_1_82' title='bbox 589 970 637 1006; x_wconf 89' lang='lat' dir='ltr'><strong>sit</strong></span> <span class='ocrx_word' id='word_1_83' title='bbox 655 969 800 1014; x_wconf 83' lang='lat' dir='ltr'><strong>durius,</strong></span> <span class='ocrx_word' id='word_1_84' title='bbox 831 969 935 1006; x_wconf 88' lang='lat' dir='ltr'><strong>nullo</strong></span> <span class='ocrx_word' id='word_1_85' title='bbox 954 969 1126 1019; x_wconf 84' lang='lat' dir='ltr'><strong>periculo</strong></span> <span class='ocrx_word' id='word_1_86' title='bbox 1145 969 1193 1006; x_wconf 87' lang='lat' dir='ltr'><strong>ad</strong></span> <span class='ocrx_word' id='word_1_87' title='bbox 1213 968 1427 1019; x_wconf 86' lang='lat' dir='ltr'><strong>proximam</strong></span> 
     </span>
     <span class='ocr_line' id='line_1_13' title="bbox 290 1029 1430 1081; baseline -0.001 -14"><span class='ocrx_word' id='word_1_88' title='bbox 290 1030 480 1081; x_wconf 82' lang='lat' dir='ltr'><strong>legionem</strong></span> <span class='ocrx_word' id='word_1_89' title='bbox 513 1038 785 1081; x_wconf 89' lang='lat' dir='ltr'><strong>perventuros:</strong></span> <span class='ocrx_word' id='word_1_90' title='bbox 822 1031 853 1068; x_wconf 91' lang='lat' dir='ltr'><strong>si</strong></span> <span class='ocrx_word' id='word_1_91' title='bbox 873 1030 1000 1068; x_wconf 86' lang='lat' dir='ltr'><strong>Gallia</strong></span> <span class='ocrx_word' id='word_1_92' title='bbox 1019 1030 1140 1067; x_wconf 87' lang='lat' dir='ltr'><strong>omnis</strong></span> <span class='ocrx_word' id='word_1_93' title='bbox 1159 1043 1247 1067; x_wconf 88' lang='lat' dir='ltr'><strong>cum</strong></span> <span class='ocrx_word' id='word_1_94' title='bbox 1267 1029 1430 1066; x_wconf 90' lang='lat' dir='ltr'><strong>Germa-</strong></span> 
     </span>
     <span class='ocr_line' id='line_1_14' title="bbox 288 1090 1436 1141; baseline -0.002 -13"><span class='ocrx_word' id='word_1_95' title='bbox 288 1092 347 1128; x_wconf 84' lang='lat' dir='ltr'><strong>nis</strong></span> <span class='ocrx_word' id='word_1_96' title='bbox 368 1091 595 1137; x_wconf 87' lang='lat' dir='ltr'><strong>consentiat,</strong></span> <span class='ocrx_word' id='word_1_97' title='bbox 628 1105 740 1129; x_wconf 90' lang='lat' dir='ltr'><strong>unam</strong></span> <span class='ocrx_word' id='word_1_98' title='bbox 761 1105 843 1130; x_wconf 86' lang='lat' dir='ltr'><strong>esse</strong></span> <span class='ocrx_word' id='word_1_99' title='bbox 876 1092 914 1129; x_wconf 90' lang='lat' dir='ltr'><strong>in</strong></span> <span class='ocrx_word' id='word_1_100' title='bbox 934 1091 1131 1129; x_wconf 86' lang='lat' dir='ltr'><strong>celeritate</strong></span> <span class='ocrx_word' id='word_1_101' title='bbox 1152 1091 1314 1141; x_wconf 81' lang='lat' dir='ltr'><strong>positam</strong></span> <span class='ocrx_word' id='word_1_102' title='bbox 1335 1090 1436 1127; x_wconf 85' lang='lat' dir='ltr'><strong>salu-</strong></span> 
     </span>
     <span class='ocr_line' id='line_1_15' title="bbox 288 1150 1435 1203; baseline -0.003 -12"><span class='ocrx_word' id='word_1_103' title='bbox 288 1161 380 1191; x_wconf 90' lang='lat' dir='ltr'><strong>tem.</strong></span> <span class='ocrx_word' id='word_1_104' title='bbox 427 1154 565 1191; x_wconf 86' lang='lat' dir='ltr'><strong>Cottae</strong></span> <span class='ocrx_word' id='word_1_105' title='bbox 581 1153 749 1203; x_wconf 88' lang='lat' dir='ltr'><strong>quidem,</strong></span> <span class='ocrx_word' id='word_1_106' title='bbox 769 1159 883 1203; x_wconf 82' lang='lat' dir='ltr'><strong>atque</strong></span> <span class='ocrx_word' id='word_1_107' title='bbox 907 1166 1052 1197; x_wconf 89' lang='lat' dir='ltr'><strong>eorum,</strong></span> <span class='ocrx_word' id='word_1_108' title='bbox 1083 1152 1147 1202; x_wconf 89' lang='lat' dir='ltr'><strong>qui</strong></span> <span class='ocrx_word' id='word_1_109' title='bbox 1174 1150 1435 1196; x_wconf 85' lang='lat' dir='ltr'><strong>dissentirent,</strong></span> 
     </span>
     <span class='ocr_line' id='line_1_16' title="bbox 289 1212 1438 1265; baseline -0.003 -14"><span class='ocrx_word' id='word_1_110' title='bbox 289 1215 491 1252; x_wconf 87' lang='lat' dir='ltr'><strong>consilium</strong></span> <span class='ocrx_word' id='word_1_111' title='bbox 517 1227 630 1265; x_wconf 88' lang='lat' dir='ltr'><strong>quem</strong></span> <span class='ocrx_word' id='word_1_112' title='bbox 650 1214 810 1251; x_wconf 87' lang='lat' dir='ltr'><strong>haberet</strong></span> <span class='ocrx_word' id='word_1_113' title='bbox 830 1213 996 1251; x_wconf 87' lang='lat' dir='ltr'><strong>exitum?</strong></span> <span class='ocrx_word' id='word_1_114' title='bbox 1027 1213 1063 1249; x_wconf 90' lang='lat' dir='ltr'><strong>in</strong></span> <span class='ocrx_word' id='word_1_115' title='bbox 1085 1225 1160 1263; x_wconf 92' lang='lat' dir='ltr'><strong>quo</strong></span> <span class='ocrx_word' id='word_1_116' title='bbox 1181 1212 1211 1249; x_wconf 91' lang='lat' dir='ltr'><strong>si</strong></span> <span class='ocrx_word' id='word_1_117' title='bbox 1230 1224 1308 1248; x_wconf 89' lang='lat' dir='ltr'><strong>non</strong></span> <span class='ocrx_word' id='word_1_118' title='bbox 1328 1223 1438 1262; x_wconf 85' lang='lat' dir='ltr'><strong>prae-</strong></span> 
     </span>
     <span class='ocr_line' id='line_1_17' title="bbox 287 1270 1441 1325; baseline -0.004 -13"><span class='ocrx_word' id='word_1_119' title='bbox 287 1288 374 1312; x_wconf 88' lang='lat' dir='ltr'><strong>sens</strong></span> <span class='ocrx_word' id='word_1_120' title='bbox 394 1275 621 1325; x_wconf 86' lang='lat' dir='ltr'><strong>periculum,</strong></span> <span class='ocrx_word' id='word_1_121' title='bbox 650 1282 689 1311; x_wconf 86' lang='lat' dir='ltr'><strong>at</strong></span> <span class='ocrx_word' id='word_1_122' title='bbox 722 1280 826 1311; x_wconf 84' lang='lat' dir='ltr'><strong>certe</strong></span> <span class='ocrx_word' id='word_1_123' title='bbox 858 1272 1069 1323; x_wconf 86' lang='lat' dir='ltr'><strong>longinqua</strong></span> <span class='ocrx_word' id='word_1_124' title='bbox 1103 1270 1301 1308; x_wconf 84' lang='lat' dir='ltr'><strong>obsidione</strong></span> <span class='ocrx_word' id='word_1_125' title='bbox 1321 1270 1441 1307; x_wconf 83' lang='lat' dir='ltr'><strong>fames</strong></span> 
     </span>
     <span class='ocr_line' id='line_1_18' title="bbox 291 1334 731 1385; baseline -0.005 -12"><span class='ocrx_word' id='word_1_126' title='bbox 291 1344 391 1373; x_wconf 82' lang='lat' dir='ltr'><strong>esset</strong></span> <span class='ocrx_word' id='word_1_127' title='bbox 412 1334 731 1385; x_wconf 85' lang='lat' dir='ltr'><strong>pertimescenda.</strong></span> 
     </span>
    </p>

    <p class='ocr_par' dir='ltr' id='par_1_3' title="bbox 284 1393 1439 2045">
     <span class='ocr_line' id='line_1_19' title="bbox 340 1393 1439 1445; baseline -0.003 -12"><span class='ocrx_word' id='word_1_128' title='bbox 340 1396 468 1433; x_wconf 87' lang='lat' dir='ltr'>XXX.</span> <span class='ocrx_word' id='word_1_129' title='bbox 506 1396 594 1433; x_wconf 89' lang='lat' dir='ltr'><strong>Hac</strong></span> <span class='ocrx_word' id='word_1_130' title='bbox 615 1397 652 1432; x_wconf 90' lang='lat' dir='ltr'><strong>in</strong></span> <span class='ocrx_word' id='word_1_131' title='bbox 669 1403 869 1445; x_wconf 86' lang='lat' dir='ltr'><strong>utramque</strong></span> <span class='ocrx_word' id='word_1_132' title='bbox 888 1402 1035 1445; x_wconf 88' lang='lat' dir='ltr'><strong>partem</strong></span> <span class='ocrx_word' id='word_1_133' title='bbox 1056 1393 1314 1444; x_wconf 86' lang='lat' dir='ltr'><strong>disputatione</strong></span> <span class='ocrx_word' id='word_1_134' title='bbox 1332 1393 1439 1431; x_wconf 89' lang='lat' dir='ltr'><strong>habi-</strong></span> 
     </span>
     <span class='ocr_line' id='line_1_20' title="bbox 287 1454 1437 1508; baseline -0.003 -13"><span class='ocrx_word' id='word_1_135' title='bbox 287 1465 340 1503; x_wconf 89' lang='lat' dir='ltr'><strong>ta,</strong></span> <span class='ocrx_word' id='word_1_136' title='bbox 362 1471 476 1508; x_wconf 87' lang='lat' dir='ltr'><strong>quum</strong></span> <span class='ocrx_word' id='word_1_137' title='bbox 498 1470 519 1494; x_wconf 89' lang='lat' dir='ltr'><strong>a</strong></span> <span class='ocrx_word' id='word_1_138' title='bbox 540 1458 657 1495; x_wconf 90' lang='lat' dir='ltr'><strong>Cotta</strong></span> <span class='ocrx_word' id='word_1_139' title='bbox 680 1456 887 1507; x_wconf 86' lang='lat' dir='ltr'><strong>primisque</strong></span> <span class='ocrx_word' id='word_1_140' title='bbox 908 1455 1106 1493; x_wconf 88' lang='lat' dir='ltr'><strong>ordinibus</strong></span> <span class='ocrx_word' id='word_1_141' title='bbox 1125 1454 1265 1492; x_wconf 81' lang='lat' dir='ltr'><strong>acriter</strong></span> <span class='ocrx_word' id='word_1_142' title='bbox 1285 1454 1437 1492; x_wconf 88' lang='lat' dir='ltr'><strong>resiste-</strong></span> 
     </span>
     <span class='ocr_line' id='line_1_21' title="bbox 288 1516 1433 1568; baseline -0.003 -13"><span class='ocrx_word' id='word_1_143' title='bbox 288 1527 406 1563; x_wconf 86' lang='lat' dir='ltr'><strong>retur,</strong></span> <span class='ocrx_word' id='word_1_144' title='bbox 428 1518 596 1563; x_wconf 87' lang='lat' dir='ltr'><strong>Vincite,</strong></span> <span class='ocrx_word' id='word_1_145' title='bbox 616 1518 752 1568; x_wconf 90' lang='lat' dir='ltr'><strong>inquit,</strong></span> <span class='ocrx_word' id='word_1_146' title='bbox 774 1517 803 1554; x_wconf 90' lang='lat' dir='ltr'><strong>si</strong></span> <span class='ocrx_word' id='word_1_147' title='bbox 823 1517 876 1554; x_wconf 89' lang='lat' dir='ltr'><strong>ita</strong></span> <span class='ocrx_word' id='word_1_148' title='bbox 893 1517 1021 1561; x_wconf 89' lang='lat' dir='ltr'><strong>vultis,</strong></span> <span class='ocrx_word' id='word_1_149' title='bbox 1039 1516 1223 1560; x_wconf 87' lang='lat' dir='ltr'><strong>Sabinus;</strong></span> <span class='ocrx_word' id='word_1_150' title='bbox 1243 1523 1282 1553; x_wconf 93' lang='lat' dir='ltr'><strong>et</strong></span> <span class='ocrx_word' id='word_1_151' title='bbox 1298 1516 1337 1552; x_wconf 90' lang='lat' dir='ltr'><strong>id</strong></span> <span class='ocrx_word' id='word_1_152' title='bbox 1357 1516 1433 1553; x_wconf 91' lang='lat' dir='ltr'><strong>cla-</strong></span> 
     </span>
     <span class='ocr_line' id='line_1_22' title="bbox 291 1576 1431 1630; baseline -0.002 -14"><span class='ocrx_word' id='word_1_153' title='bbox 291 1580 390 1617; x_wconf 90' lang='lat' dir='ltr'><strong>riore</strong></span> <span class='ocrx_word' id='word_1_154' title='bbox 411 1592 519 1624; x_wconf 91' lang='lat' dir='ltr'><strong>voce,</strong></span> <span class='ocrx_word' id='word_1_155' title='bbox 549 1586 591 1616; x_wconf 86' lang='lat' dir='ltr'><strong>ut</strong></span> <span class='ocrx_word' id='word_1_156' title='bbox 616 1591 756 1630; x_wconf 88' lang='lat' dir='ltr'><strong>magna</strong></span> <span class='ocrx_word' id='word_1_157' title='bbox 774 1591 859 1629; x_wconf 87' lang='lat' dir='ltr'><strong>pars</strong></span> <span class='ocrx_word' id='word_1_158' title='bbox 889 1577 1051 1615; x_wconf 84' lang='lat' dir='ltr'><strong>militum</strong></span> <span class='ocrx_word' id='word_1_159' title='bbox 1071 1576 1295 1615; x_wconf 84' lang='lat' dir='ltr'><strong>exaudiret:</strong></span> <span class='ocrx_word' id='word_1_160' title='bbox 1353 1577 1431 1614; x_wconf 91' lang='lat' dir='ltr'><strong>Ne-</strong></span> 
     </span>
     <span class='ocr_line' id='line_1_23' title="bbox 292 1638 1436 1692; baseline -0.002 -14"><span class='ocrx_word' id='word_1_161' title='bbox 292 1654 367 1692; x_wconf 88' lang='lat' dir='ltr'><strong>que</strong></span> <span class='ocrx_word' id='word_1_162' title='bbox 392 1640 422 1677; x_wconf 92' lang='lat' dir='ltr'><strong>is</strong></span> <span class='ocrx_word' id='word_1_163' title='bbox 441 1654 538 1686; x_wconf 90' lang='lat' dir='ltr'><strong>sum,</strong></span> <span class='ocrx_word' id='word_1_164' title='bbox 559 1640 694 1691; x_wconf 90' lang='lat' dir='ltr'><strong>inquit,</strong></span> <span class='ocrx_word' id='word_1_165' title='bbox 715 1640 777 1690; x_wconf 88' lang='lat' dir='ltr'><strong>qui</strong></span> <span class='ocrx_word' id='word_1_166' title='bbox 794 1639 1014 1690; x_wconf 76' lang='lat' dir='ltr'><strong>gravissime</strong></span> <span class='ocrx_word' id='word_1_167' title='bbox 1030 1652 1079 1677; x_wconf 86' lang='lat' dir='ltr'><strong>ex</strong></span> <span class='ocrx_word' id='word_1_168' title='bbox 1098 1638 1205 1676; x_wconf 91' lang='lat' dir='ltr'><strong>vobis</strong></span> <span class='ocrx_word' id='word_1_169' title='bbox 1224 1638 1356 1676; x_wconf 90' lang='lat' dir='ltr'><strong>mortis</strong></span> <span class='ocrx_word' id='word_1_170' title='bbox 1369 1651 1436 1689; x_wconf 89' lang='lat' dir='ltr'><strong>pe-</strong></span> 
     </span>
     <span class='ocr_line' id='line_1_24' title="bbox 290 1699 1435 1751; baseline -0.003 -11"><span class='ocrx_word' id='word_1_171' title='bbox 290 1702 412 1740; x_wconf 89' lang='lat' dir='ltr'><strong>riculo</strong></span> <span class='ocrx_word' id='word_1_172' title='bbox 432 1709 600 1739; x_wconf 83' lang='lat' dir='ltr'><strong>terrear:</strong></span> <span class='ocrx_word' id='word_1_173' title='bbox 632 1701 670 1737; x_wconf 88' lang='lat' dir='ltr'><strong>hi</strong></span> <span class='ocrx_word' id='word_1_174' title='bbox 690 1700 852 1751; x_wconf 80' lang='lat' dir='ltr'><strong>sapient,</strong></span> <span class='ocrx_word' id='word_1_175' title='bbox 872 1708 923 1746; x_wconf 87' lang='lat' dir='ltr'><strong>et,</strong></span> <span class='ocrx_word' id='word_1_176' title='bbox 952 1701 982 1737; x_wconf 90' lang='lat' dir='ltr'><strong>si</strong></span> <span class='ocrx_word' id='word_1_177' title='bbox 1003 1699 1153 1750; x_wconf 86' lang='lat' dir='ltr'><strong>gravius</strong></span> <span class='ocrx_word' id='word_1_178' title='bbox 1173 1699 1265 1750; x_wconf 88' lang='lat' dir='ltr'><strong>quid</strong></span> <span class='ocrx_word' id='word_1_179' title='bbox 1284 1700 1435 1737; x_wconf 87' lang='lat' dir='ltr'><strong>accide-</strong></span> 
     </span>
     <span class='ocr_line' id='line_1_25' title="bbox 291 1761 1437 1813; baseline -0.001 -14"><span class='ocrx_word' id='word_1_180' title='bbox 291 1763 354 1810; x_wconf 89' lang='lat' dir='ltr'><strong>rit,</strong></span> <span class='ocrx_word' id='word_1_181' title='bbox 387 1764 453 1801; x_wconf 88' lang='lat' dir='ltr'><strong>abs</strong></span> <span class='ocrx_word' id='word_1_182' title='bbox 473 1770 511 1800; x_wconf 89' lang='lat' dir='ltr'><strong>te</strong></span> <span class='ocrx_word' id='word_1_183' title='bbox 531 1762 717 1800; x_wconf 86' lang='lat' dir='ltr'><strong>rationem</strong></span> <span class='ocrx_word' id='word_1_184' title='bbox 738 1770 962 1813; x_wconf 87' lang='lat' dir='ltr'><strong>reposcent:</strong></span> <span class='ocrx_word' id='word_1_185' title='bbox 1004 1762 1081 1812; x_wconf 89' lang='lat' dir='ltr'><strong>qui,</strong></span> <span class='ocrx_word' id='word_1_186' title='bbox 1113 1761 1143 1798; x_wconf 93' lang='lat' dir='ltr'><strong>si</strong></span> <span class='ocrx_word' id='word_1_187' title='bbox 1163 1774 1231 1811; x_wconf 87' lang='lat' dir='ltr'><strong>per</strong></span> <span class='ocrx_word' id='word_1_188' title='bbox 1250 1768 1288 1798; x_wconf 86' lang='lat' dir='ltr'><strong>te</strong></span> <span class='ocrx_word' id='word_1_189' title='bbox 1307 1761 1437 1807; x_wconf 86' lang='lat' dir='ltr'><strong>liceat,</strong></span> 
     </span>
     <span class='ocr_line' id='line_1_26' title="bbox 290 1823 1436 1875; baseline 0 -14"><span class='ocrx_word' id='word_1_190' title='bbox 290 1824 503 1875; x_wconf 87' lang='lat' dir='ltr'><strong>perendino</strong></span> <span class='ocrx_word' id='word_1_191' title='bbox 523 1824 584 1861; x_wconf 87' lang='lat' dir='ltr'><strong>die</strong></span> <span class='ocrx_word' id='word_1_192' title='bbox 605 1836 691 1861; x_wconf 80' lang='lat' dir='ltr'><strong>cum</strong></span> <span class='ocrx_word' id='word_1_193' title='bbox 713 1823 895 1874; x_wconf 87' lang='lat' dir='ltr'><strong>proximis</strong></span> <span class='ocrx_word' id='word_1_194' title='bbox 914 1823 1081 1860; x_wconf 91' lang='lat' dir='ltr'><strong>hibernis</strong></span> <span class='ocrx_word' id='word_1_195' title='bbox 1102 1823 1313 1873; x_wconf 91' lang='lat' dir='ltr'><strong>conjuncti,</strong></span> <span class='ocrx_word' id='word_1_196' title='bbox 1334 1836 1436 1861; x_wconf 91' lang='lat' dir='ltr'><strong>com-</strong></span> 
     </span>
     <span class='ocr_line' id='line_1_27' title="bbox 291 1883 1437 1935; baseline -0.001 -13"><span class='ocrx_word' id='word_1_197' title='bbox 291 1898 446 1922; x_wconf 88' lang='lat' dir='ltr'><strong>munem</strong></span> <span class='ocrx_word' id='word_1_198' title='bbox 466 1898 552 1921; x_wconf 89' lang='lat' dir='ltr'><strong>cum</strong></span> <span class='ocrx_word' id='word_1_199' title='bbox 574 1884 728 1935; x_wconf 86' lang='lat' dir='ltr'><strong>reliquis</strong></span> <span class='ocrx_word' id='word_1_200' title='bbox 759 1884 847 1921; x_wconf 89' lang='lat' dir='ltr'><strong>belli</strong></span> <span class='ocrx_word' id='word_1_201' title='bbox 869 1897 998 1922; x_wconf 90' lang='lat' dir='ltr'><strong>casum</strong></span> <span class='ocrx_word' id='word_1_202' title='bbox 1018 1883 1243 1929; x_wconf 84' lang='lat' dir='ltr'><strong>sustineant,</strong></span> <span class='ocrx_word' id='word_1_203' title='bbox 1263 1897 1349 1930; x_wconf 89' lang='lat' dir='ltr'><strong>nec,</strong></span> <span class='ocrx_word' id='word_1_204' title='bbox 1378 1897 1437 1921; x_wconf 88' lang='lat' dir='ltr'><strong>re-</strong></span> 
     </span>
     <span class='ocr_line' id='line_1_28' title="bbox 284 1945 1436 1996; baseline 0.001 -12"><span class='ocrx_word' id='word_1_205' title='bbox 284 1946 380 1996; x_wconf 86' lang='lat' dir='ltr'><strong>jecti</strong></span> <span class='ocrx_word' id='word_1_206' title='bbox 399 1954 437 1984; x_wconf 88' lang='lat' dir='ltr'><strong>et</strong></span> <span class='ocrx_word' id='word_1_207' title='bbox 457 1946 618 1995; x_wconf 86' lang='lat' dir='ltr'><strong>relegati</strong></span> <span class='ocrx_word' id='word_1_208' title='bbox 636 1946 751 1996; x_wconf 88' lang='lat' dir='ltr'><strong>longe</strong></span> <span class='ocrx_word' id='word_1_209' title='bbox 769 1946 816 1983; x_wconf 85' lang='lat' dir='ltr'><strong>ab</strong></span> <span class='ocrx_word' id='word_1_210' title='bbox 837 1945 990 1991; x_wconf 88' lang='lat' dir='ltr'><strong>ceteris,</strong></span> <span class='ocrx_word' id='word_1_211' title='bbox 1023 1952 1088 1983; x_wconf 86' lang='lat' dir='ltr'><strong>aut</strong></span> <span class='ocrx_word' id='word_1_212' title='bbox 1107 1945 1208 1983; x_wconf 86' lang='lat' dir='ltr'><strong>ferro</strong></span> <span class='ocrx_word' id='word_1_213' title='bbox 1237 1954 1303 1984; x_wconf 88' lang='lat' dir='ltr'><strong>aut</strong></span> <span class='ocrx_word' id='word_1_214' title='bbox 1335 1946 1436 1985; x_wconf 86' lang='lat' dir='ltr'><strong>fame</strong></span> 
     </span>
     <span class='ocr_line' id='line_1_29' title="bbox 288 2007 490 2045; baseline 0.005 -2"><span class='ocrx_word' id='word_1_215' title='bbox 288 2007 490 2045; x_wconf 85' lang='lat' dir='ltr'><strong>intereant.</strong></span> 
     </span>
    </p>

    <p class='ocr_par' dir='ltr' id='par_1_4' title="bbox 291 2067 1436 2361">
     <span class='ocr_line' id='line_1_30' title="bbox 340 2067 1433 2118; baseline 0 -13"><span class='ocrx_word' id='word_1_216' title='bbox 340 2068 489 2105; x_wconf 86' lang='lat' dir='ltr'><strong>XXXI.</strong></span> <span class='ocrx_word' id='word_1_217' title='bbox 543 2067 797 2117; x_wconf 79' lang='lat' dir='ltr'><strong>Consurgitur</strong></span> <span class='ocrx_word' id='word_1_218' title='bbox 817 2080 866 2105; x_wconf 85' lang='lat' dir='ltr'><strong>ex</strong></span> <span class='ocrx_word' id='word_1_219' title='bbox 886 2067 1068 2105; x_wconf 90' lang='lat' dir='ltr'><strong>consilio:</strong></span> <span class='ocrx_word' id='word_1_220' title='bbox 1097 2067 1433 2118; x_wconf 88' lang='lat' dir='ltr'><strong>comprehendunt</strong></span> 
     </span>
     <span class='ocr_line' id='line_1_31' title="bbox 291 2128 1432 2179; baseline -0.001 -13"><span class='ocrx_word' id='word_1_221' title='bbox 291 2136 508 2179; x_wconf 87' lang='lat' dir='ltr'><strong>utrumque,</strong></span> <span class='ocrx_word' id='word_1_222' title='bbox 529 2135 568 2166; x_wconf 89' lang='lat' dir='ltr'><strong>et</strong></span> <span class='ocrx_word' id='word_1_223' title='bbox 587 2134 710 2172; x_wconf 88' lang='lat' dir='ltr'><strong>orant,</strong></span> <span class='ocrx_word' id='word_1_224' title='bbox 742 2141 789 2164; x_wconf 92' lang='lat' dir='ltr'><strong>ne</strong></span> <span class='ocrx_word' id='word_1_225' title='bbox 811 2140 878 2165; x_wconf 88' lang='lat' dir='ltr'><strong>sua</strong></span> <span class='ocrx_word' id='word_1_226' title='bbox 897 2128 1130 2165; x_wconf 88' lang='lat' dir='ltr'><strong>dissensione</strong></span> <span class='ocrx_word' id='word_1_227' title='bbox 1150 2136 1189 2165; x_wconf 88' lang='lat' dir='ltr'><strong>et</strong></span> <span class='ocrx_word' id='word_1_228' title='bbox 1220 2128 1432 2178; x_wconf 82' lang='lat' dir='ltr'><strong>pertinacia</strong></span> 
     </span>
     <span class='ocr_line' id='line_1_32' title="bbox 291 2188 1436 2238; baseline 0.002 -13"><span class='ocrx_word' id='word_1_229' title='bbox 291 2202 370 2226; x_wconf 88' lang='lat' dir='ltr'><strong>rem</strong></span> <span class='ocrx_word' id='word_1_230' title='bbox 391 2189 429 2225; x_wconf 91' lang='lat' dir='ltr'><strong>in</strong></span> <span class='ocrx_word' id='word_1_231' title='bbox 460 2202 648 2226; x_wconf 87' lang='lat' dir='ltr'><strong>summum</strong></span> <span class='ocrx_word' id='word_1_232' title='bbox 682 2188 893 2238; x_wconf 83' lang='lat' dir='ltr'><strong>periculum</strong></span> <span class='ocrx_word' id='word_1_233' title='bbox 925 2189 1141 2233; x_wconf 88' lang='lat' dir='ltr'><strong>deducant;</strong></span> <span class='ocrx_word' id='word_1_234' title='bbox 1169 2189 1319 2226; x_wconf 85' lang='lat' dir='ltr'><strong>facilem</strong></span> <span class='ocrx_word' id='word_1_235' title='bbox 1352 2202 1436 2227; x_wconf 88' lang='lat' dir='ltr'><strong>esse</strong></span> 
     </span>
     <span class='ocr_line' id='line_1_33' title="bbox 291 2249 1432 2299; baseline 0 -13"><span class='ocrx_word' id='word_1_236' title='bbox 291 2262 385 2295; x_wconf 88' lang='lat' dir='ltr'><strong>rem,</strong></span> <span class='ocrx_word' id='word_1_237' title='bbox 410 2263 478 2287; x_wconf 89' lang='lat' dir='ltr'><strong>seu</strong></span> <span class='ocrx_word' id='word_1_238' title='bbox 499 2257 690 2295; x_wconf 86' lang='lat' dir='ltr'><strong>maneant,</strong></span> <span class='ocrx_word' id='word_1_239' title='bbox 711 2262 778 2287; x_wconf 87' lang='lat' dir='ltr'><strong>seu</strong></span> <span class='ocrx_word' id='word_1_240' title='bbox 800 2250 1103 2299; x_wconf 85' lang='lat' dir='ltr'><strong>proficiscantur,</strong></span> <span class='ocrx_word' id='word_1_241' title='bbox 1131 2250 1161 2287; x_wconf 86' lang='lat' dir='ltr'><strong>si</strong></span> <span class='ocrx_word' id='word_1_242' title='bbox 1181 2249 1295 2287; x_wconf 92' lang='lat' dir='ltr'><strong>modo</strong></span> <span class='ocrx_word' id='word_1_243' title='bbox 1314 2263 1432 2286; x_wconf 90' lang='lat' dir='ltr'><strong>unum</strong></span> 
     </span>
     <span class='ocr_line' id='line_1_34' title="bbox 293 2309 1436 2361; baseline -0.001 -13"><span class='ocrx_word' id='word_1_244' title='bbox 293 2322 423 2348; x_wconf 90' lang='lat' dir='ltr'><strong>omnes</strong></span> <span class='ocrx_word' id='word_1_245' title='bbox 453 2310 633 2356; x_wconf 85' lang='lat' dir='ltr'><strong>sentiant,</strong></span> <span class='ocrx_word' id='word_1_246' title='bbox 665 2323 710 2348; x_wconf 85' lang='lat' dir='ltr'><strong>ac</strong></span> <span class='ocrx_word' id='word_1_247' title='bbox 739 2311 925 2361; x_wconf 87' lang='lat' dir='ltr'><strong>probent:</strong></span> <span class='ocrx_word' id='word_1_248' title='bbox 965 2317 1100 2349; x_wconf 84' lang='lat' dir='ltr'><strong>contra</strong></span> <span class='ocrx_word' id='word_1_249' title='bbox 1131 2310 1170 2348; x_wconf 91' lang='lat' dir='ltr'><strong>in</strong></span> <span class='ocrx_word' id='word_1_250' title='bbox 1201 2309 1436 2349; x_wconf 86' lang='lat' dir='ltr'><strong>dissensione</strong></span> 
     </span>
    </p>
   </div>
   <div class='ocr_carea' id='block_1_3' title="bbox 1519 0 1556 2683">
    <p class='ocr_par' dir='ltr' id='par_1_5' title="bbox 1519 0 1556 2683">
     <span class='ocr_line' id='line_1_35' title="bbox 1519 0 1556 2683; baseline 0 0"><span class='ocrx_word' id='word_1_251' title='bbox 1519 0 1556 2683; x_wconf 95' lang='lat' dir='ltr'><strong> </strong></span> 
     </span>
    </p>
   </div>
   <div class='ocr_carea' id='block_1_4' title="bbox 1531 1880 1535 2645">
    <p class='ocr_par' dir='ltr' id='par_1_6' title="bbox 1531 1880 1535 2645">
     <span class='ocr_line' id='line_1_36' title="bbox 1531 1880 1535 2645; baseline 0 0"><span class='ocrx_word' id='word_1_252' title='bbox 1531 1880 1535 2645; x_wconf 95' lang='lat' dir='ltr'><strong> </strong></span> 
     </span>
    </p>
   </div>
  </div>
 </body>
</html>
