1556 2683
228 254 281 293 46
537 252 613 291 DE
653 250 834 289 BELLO
874 249 1121 289 GALLICO

229 363 330 402 rant,
350 356 405 393 uti
421 356 584 394 eandem
598 356 689 394 belli
703 356 896 393 fortunam
912 355 1200 406 experirentur:
1219 366 1382 404 exspec-

231 420 304 455 tari
331 419 445 455 etiam
467 420 513 456 ab
534 418 591 455 his
614 418 908 455 Aduatucorum
930 417 1074 467 copiam,
1096 425 1211 466 atque
1239 428 1322 452 esse
1341 414 1381 450 in

231 479 387 517 itinere:
420 480 611 524 mulieres,
633 480 774 529 quique
794 491 862 528 per
881 486 1048 515 aetatem
1067 477 1115 514 ad
1135 488 1303 527 pugnam
1325 476 1381 511 in-

231 542 345 578 utiles
363 541 598 586 viderentur,
616 542 652 577 in
673 554 761 577 eum
780 540 907 577 locum
925 539 1150 589 conjecisse,
1172 550 1246 588 quo
1267 550 1382 587 prop-

232 609 292 638 ter
310 601 469 652 paludes
492 601 680 638 exercitui
700 601 825 638 aditus
846 590 921 638 non
942 607 1056 644 esset.

285 662 414 699 XVII.
470 662 543 699 His
574 663 688 699 rebus
720 662 900 711 cognitiS‚
937 662 1217 711 exploratores,
1249 666 1383 696 centu-

233 725 437 774 rionesque
460 723 683 774 praemittit,
717 723 780 773 qui
803 723 930 760 locum
950 723 1131 759 idoneum
1162 720 1296 758 castris
1317 720 1385 757 de-

232 787 368 833 ligant.
439 786 644 836 Quumque
674 798 724 822 ex
761 784 952 822 dediticiis
983 783 1112 833 Belgis
1152 781 1384 832 reliquisque

235 846 356 883 Gallis
370 847 601 897 complures,
617 847 821 882 Caesarem
840 845 979 890 secuti,
1000 857 1075 881 una
1094 844 1166 880 iter
1187 843 1386 881 facerent:

236 907 391 958 quidam
412 920 460 945 ex
480 907 553 954 his,
586 915 627 944 ut
660 914 794 957 postea
827 920 876 944 ex
906 907 1066 957 captivis
1095 906 1292 955 cognitum
1313 911 1386 951 est,

236 981 371 1005 eorum
399 968 549 1005 dierum
570 969 849 1005 consuetudine
883 968 1029 1004 itineris
1051 967 1170 1004 nostri
1189 966 1388 1003 exercitus

235 1037 454 1081 perspecta,
488 1038 604 1067 nocte
623 1030 672 1066 ad
703 1029 867 1066 Nervios
887 1036 1159 1080 pervenerunt,
1193 1035 1311 1079 atque
1343 1027 1389 1066 iis

237 1091 560 1136 demonstrarunt,
582 1090 680 1127 inter
699 1090 868 1140 singulas
902 1090 1074 1139 legiones
1094 1089 1388 1140 impedimento-

237 1165 321 1189 rum
335 1165 517 1202 magnum
530 1166 730 1189 numerum
751 1152 994 1190 intercedere
1011 1168 1020 1195 3
1039 1163 1165 1202 neque
1179 1163 1261 1188 esse
1278 1150 1389 1201 quid-

238 1227 352 1264 quam
373 1213 532 1262 negotii,
567 1227 684 1264 quum
706 1214 829 1264 prima
859 1213 962 1263 legio
983 1213 1020 1250 in
1050 1220 1176 1250 castra
1204 1212 1387 1257 venisset,

238 1276 486 1325 reliquaeque
506 1275 678 1324 legiones
692 1288 874 1325 magnum
893 1275 1058 1324 spatium
1080 1274 1272 1318 abessent,
1288 1273 1390 1310 lianc

237 1339 308 1375 sub
329 1337 487 1373 sarcinis
507 1336 673 1373 adoriri:
709 1349 785 1386 qua
803 1336 924 1387 pulsa,
955 1335 1314 1386 impedimentisque
1334 1334 1391 1371 di·

237 1400 371 1449 reptis,
409 1397 594 1443 futurum,
627 1406 668 1434 ut
702 1398 873 1448 reliquae
905 1404 1041 1434 contra
1069 1396 1279 1434 consistere
1312 1409 1391 1433 non

238 1461 438 1498 auderent.
506 1460 729 1509 Adjuvabat
761 1460 874 1496 etiam
909 1472 1042 1496 eorum
1076 1458 1291 1503 consilium,
1324 1456 1391 1508 qui

237 1535 319 1559 rem
339 1521 579 1566 deferebant,
607 1521 712 1571 quod
732 1520 864 1557 Nervii
885 1520 1110 1571 antiquitus,
1145 1532 1262 1569 quum
1283 1518 1391 1568 equi-

238 1591 323 1621 tatu
344 1583 436 1619 nihil
457 1592 628 1633 possent,
654 1582 800 1634 (neque
826 1582 928 1619 enim
948 1582 997 1619 ad
1015 1582 1089 1619 hoc
1110 1587 1262 1631 tempus
1281 1579 1315 1617 ei
1335 1577 1393 1616 rei

238 1645 410 1689 student,
445 1644 526 1689 sed,
561 1644 749 1694 quidquid
778 1651 954 1694 possunt,
987 1642 1228 1694 pedestribus
1261 1640 1391 1678 valent

239 1705 383 1757 copiis)
422 1719 498 1756 quo
518 1705 668 1742 facilius
697 1706 945 1742 finitimorum
966 1704 1196 1755 equitatum,
1228 1702 1260 1739 si
1279 1714 1392 1752 prae-

239 1768 356 1805 dandi
376 1780 509 1805 caussa
531 1766 579 1804 ad
594 1779 659 1803 eos
680 1768 888 1812 venissent,
908 1765 1152 1816 impedirent,
1173 1763 1317 1801 teneris
1332 1775 1392 1800 ar-

239 1829 396 1867 boribus
418 1829 560 1874 incisis,
594 1836 709 1878 atque
729 1827 895 1872 inflexi«,
916 1827 1136 1877 crebrisque
1156 1825 1193 1862 in
1220 1823 1392 1862 latitudi-

239 1904 326 1929 nem
358 1891 470 1928 ramis
507 1891 697 1939 [enatis]‚
731 1897 770 1926 et
798 1889 902 1926 rubis
932 1888 1180 1937 sentibusque
1213 1887 1393 1936 interjec-

239 1953 302 1998 tis,
330 1952 551 1997 effecerant,
582 1960 623 1988 ut
643 1952 762 1988 instar
781 1950 879 1987 muri
912 1951 984 1987 hae
1015 1962 1126 2000 sepes
1156 1948 1395 1986 munimenta

240 2014 496 2064 praeberent3
529 2026 604 2063 quo
635 2025 710 2048 non
742 2011 855 2048 inodo
876 2011 1022 2055 intrari,
1055 2010 1122 2047 sed
1149 2023 1196 2046 ne
1229 2007 1394 2059 perspici

241 2074 396 2124 quidem
418 2081 559 2124 posset.
618 2073 689 2109 His
710 2072 822 2109 rebus
854 2085 969 2122 quum
990 2071 1062 2108 iter
1091 2070 1253 2120 agminis
1273 2069 1393 2106 nostri

239 2134 506 2184 impediretur,
543 2148 618 2172 non
651 2133 906 2171 omittendum
936 2132 1008 2169 sibi
1028 2131 1227 2169 consilium
1261 2130 1396 2168 Nervii

241 2196 553 2233 aestimaverunt.

296 2256 356 2293 Χῖ,
377 2257 448 2296 111.
504 2257 599 2294 Loci
621 2265 756 2295 natura
773 2265 853 2294 erat
866 2257 976 2302 haec,
993 2268 1107 2306 quem
1126 2255 1254 2292 locum
1275 2252 1396 2290 nostri

243 2318 377 2356 castris
397 2319 634 2370 delegerant.
691 2319 808 2358 Collis
828 2319 874 2357 ab
890 2331 1039 2356 summo
1052 2317 1262 2369 aequaliter
1274 2313 1395 2353 decli-
