1556 2683
637 323 801 361 LIBER
854 323 885 360 1.
1254 329 1323 365 261

203 433 242 463 to
262 439 282 463 a
311 426 463 463 Petreio
495 433 535 463 et
565 425 725 464 Afranio
758 439 806 464 ex
837 438 978 476 aggere
1009 433 1124 476 atque
1153 428 1336 473 cratibus,

204 499 300 536 quae
319 487 473 524 flumine
492 486 724 533 ferebantur,
752 487 927 525 celeriter
946 500 1014 524 suo
1044 494 1160 537 ponte
1181 488 1334 525 Afrani-

202 559 260 592 us,
294 560 404 596 quem
426 547 566 597 oppido
591 548 798 599 castrisque
818 549 1063 597 conjunctum
1084 548 1261 593 habebat,
1280 549 1335 585 le-

201 605 335 655 giones
366 618 404 642 1v
423 607 710 657 equitatumque
739 620 890 645 omnem
919 607 1082 657 trajecit,
1113 608 1336 658 duabusque

202 664 378 703 Fabianis
397 667 564 704 occurrit
583 667 808 716 legionibus.
863 668 982 717 Cujus
1011 667 1176 704 adventu
1202 668 1336 705 nunci-

200 734 279 771 ato,
312 726 357 762 L.
377 726 554 772 Plancus,
587 728 649 777 qui
669 727 883 777 legionibus
902 736 1092 778 praeerat,
1123 728 1338 765 necessaria

200 799 243 822 re
275 794 443 832 coactus,
487 787 613 824 locum
656 788 759 838 capit
790 789 1037 839 superiorem,
1075 788 1338 840 diversamque

200 846 321 884 aciem
342 847 379 883 in
400 848 492 885 duas
522 855 649 898 partes
682 849 893 894 constituit,
927 862 974 887 ne
993 851 1040 886 ab
1074 851 1245 900 equitatu
1265 851 1337 888 cir-

202 908 411 944 cumveniri
441 915 582 958 posset.
635 908 707 954 Ita,
740 921 968 958 congressus
999 910 1133 961 impari
1165 924 1338 957 numero,

200 980 359 1017 magnos
374 968 537 1018 impetus
552 968 744 1018 legionum
757 968 1024 1019 equitatusque
1038 970 1210 1007 sustinet.
1227 971 1341 1008 Com-

200 1028 314 1065 misso
333 1029 379 1065 ab
400 1028 591 1078 equitibus
610 1028 768 1078 proelio,
802 1028 910 1078 signa
931 1041 962 1065 11
983 1029 1177 1080 legionum
1205 1033 1340 1081 procul

200 1089 248 1126 ab
269 1089 439 1140 utrisque
472 1089 774 1139 conspiciuntur,
806 1101 897 1139 quas
929 1090 973 1126 C.
993 1089 1130 1127 Fabius
1159 1091 1341 1130 ulteriore

199 1156 316 1200 ponte
349 1149 517 1187 subsidio
548 1149 687 1186 nostris
717 1150 885 1195 miserat,
923 1150 1134 1200 suspicatus
1170 1151 1252 1189 fore
1285 1153 1338 1198 id,

199 1210 304 1260 quod
323 1210 476 1255 accidit,
510 1217 551 1247 ut
570 1210 687 1248 duces
717 1210 1018 1248 adversariorum
1051 1212 1267 1258 occasione,
1301 1221 1342 1250 et

198 1270 387 1307 beneficio
402 1269 590 1315 fortunae,
606 1271 653 1308 ad
667 1278 815 1308 nostros
828 1271 1098 1320 opprimendos
1114 1280 1311 1310 uterentur
1327 1288 1336 1310 :

199 1344 360 1381 quarum
379 1332 545 1368 adventu
564 1332 749 1381 proelium
770 1331 973 1377 dirimitur,
1006 1344 1050 1370 ac
1070 1345 1155 1370 suas
1175 1341 1337 1385 uterque

199 1391 370 1441 legiones
390 1391 540 1429 reducit
559 1392 596 1428 in
617 1400 754 1429 eastra.

252 1452 358 1489 XLI.
412 1452 470 1489 Eo
506 1452 622 1489 biduo
661 1453 803 1490 Caesar
839 1466 926 1490 cum
967 1453 1157 1504 equitibus
1196 1467 1338 1502 Dcccc‚

198 1526 294 1564 quos
325 1513 397 1550 sibi
429 1513 619 1564 praesidio
661 1514 880 1564 reliquerat,
924 1514 963 1551 in
999 1524 1124 1552 castra
1153 1517 1340 1566 pervenit.

200 1574 317 1620 Pons,
348 1574 412 1624 qui
438 1574 563 1611 suerat
587 1581 813 1624 tempestate
840 1575 1089 1625 interruptus,
1113 1589 1235 1626 paene
1260 1587 1340 1617 erat

199 1635 389 1672 refectus:
409 1635 513 1672 hunc
532 1643 648 1672 noctu
667 1635 932 1685 perficijussit.
985 1635 1088 1686 Ipse,
1108 1638 1264 1688 cognita
1282 1640 1337 1677 lo-

198 1708 333 1734 corum
354 1703 502 1740 natura,
529 1695 635 1745 ponti
656 1696 868 1746 castrisque
887 1696 1076 1746 praesidio
1097 1710 1140 1734 VI
1162 1699 1340 1738 cohortes

197 1755 392 1805 relinquit,
425 1761 540 1804 atque
559 1754 687 1790 omnia
715 1754 1000 1804 impedimenta,
1033 1763 1072 1792 et
1091 1764 1244 1805 postero
1277 1758 1339 1795 die

198 1816 375 1853 omnibus
395 1815 526 1865 copiis,
539 1815 679 1864 triplici
698 1815 883 1853 instructa
897 1816 994 1861 acie,
1013 1816 1060 1853 ad
1073 1816 1237 1854 Ilerdam
1252 1832 1339 1868 pro-

197 1878 396 1922 ficiscitur,
416 1885 455 1914 et
474 1877 543 1913 sub
561 1876 693 1913 castris
714 1876 863 1913 Afranii
884 1877 1078 1914 constitit:
1099 1886 1151 1923 et,
1165 1879 1215 1915 ibi
1233 1881 1339 1929 paul-

196 1939 312 1990 lisper
331 1939 400 1975 sub
420 1937 533 1974 armis
553 1944 735 1984 moratus,
762 1937 856 1974 facit
887 1950 1009 1988 aequo
1029 1939 1114 1976 loco
1143 1941 1339 1990 pugnandi

197 2006 441 2050 potestatem.
496 1998 693 2035 Potestate
712 1998 828 2044 facta,
845 1998 1026 2036 Afranius
1047 1999 1175 2049 copias
1195 2001 1338 2046 educit,

197 2069 238 2098 et
257 2060 293 2096 in
314 2060 440 2097 medio
460 2059 558 2096 colle
578 2060 647 2096 sub
668 2060 800 2096 castris
820 2060 1030 2097 constituit.
1084 2061 1239 2106 Caesar,
1273 2063 1337 2099 ubi

200 2119 393 2170 cognovit,
422 2132 489 2168 per
509 2118 711 2155 Afranium
731 2126 845 2164 stare,
878 2134 953 2170 quo
973 2120 1097 2157 minus
1116 2121 1263 2171 proelio
1282 2122 1339 2158 di-

197 2181 416 2224 micaretur,
452 2179 499 2215 ab
536 2178 673 2216 infimis
706 2180 897 2217 radicibus
927 2181 1082 2226 montis,
1115 2182 1336 2220 intermissis

200 2241 352 2278 circiter
384 2239 556 2290 passibus
575 2251 641 2285 cn,
674 2248 798 2277 castra
817 2241 942 2279 facere
962 2242 1183 2279 constituit:
1214 2252 1265 2288 et,
1285 2256 1334 2280 ne

200 2303 239 2338 in
259 2313 373 2351 opere
393 2300 569 2338 faciendo
598 2301 735 2339 milites
755 2302 954 2352 repentino
986 2303 1152 2340 hostium
1184 2304 1339 2341 incursu

202 2369 501 2408 exterrerentur,
529 2369 643 2412 atque
662 2375 778 2413 opere
804 2363 1110 2413 prohiberentur,
1139 2363 1238 2401 vallo
1257 2377 1338 2405 mu-
