1556 2683
576 300 740 339 LIBER
793 300 825 338 Ι.
1238 305 1289 342 2⁴0¹

144 418 261 442 unum
281 405 407 443 locum
428 404 655 443 contrahere
674 417 786 455 posse
802 419 811 442 :
849 404 920 442 sibi
939 412 1067 443 autem
1084 405 1221 442 mirum
1236 407 1290 443 vi-

143 467 238 514 deri,
259 466 351 518 quid
365 466 403 503 in
420 479 487 503 sua
506 465 646 512 Gallia,
666 479 780 517 quam
800 466 901 504 bello
920 466 1087 513 vicisset,
1107 475 1174 504 aut
1194 468 1290 505 Cae·

143 528 228 574 sari,
258 536 322 565 aut
351 527 505 564 omnino
537 526 679 577 populo
699 527 889 572 Romano,
918 527 1063 577 negotii
1083 534 1196 565 esset.

195 589 357 626 XXXV.
394 588 468 625 His
488 588 678 638 responsis
697 588 745 625 ad
766 589 969 626 Caesarem
990 589 1133 635 relatis,
1151 589 1290 627 iterum

143 650 191 687 ad
210 663 297 687 eum
318 650 460 687 Caesar
478 649 625 699 legatos
641 663 730 687 curn
745 649 803 686 his
818 650 1007 687 mandatis
1021 650 1139 688 mittit
1154 665 1162 687 :
1184 652 1289 692 Quo-

143 712 257 757 niam,
286 718 392 748 tanto
411 723 480 748 suo
500 710 708 761 populique
725 710 890 748 Romani
908 711 1097 749 beneficio
1117 711 1288 757 allecum,

146 773 284 824 (quum
305 772 342 809 in
363 771 565 809 consulatu
591 785 659 808 suo
692 784 760 810 rex
781 779 897 822 atque
926 772 1072 810 amicus
1103 786 1126 810 a
1153 781 1288 811 senatu

142 834 354 884 appellatus
383 833 505 884 esset)
540 833 639 871 hanc
657 833 730 870 sibi
756 834 977 884 populoque
999 833 1174 872 Romano
1203 848 1287 885 gra-

143 894 233 932 tiam
255 895 431 940 referret,
451 901 493 931 ut
513 894 550 931 in
571 894 805 945 colloquium
826 895 956 932 venire
988 895 1170 933 invitatus
1202 907 1287 946 gra-

138 963 306 1002 varetur,
325 969 451 1006 neque
471 955 518 993 de
539 956 733 993 communi
752 969 792 993 re
813 956 1018 993 dicendum
1039 956 1110 994 sibi
1130 964 1169 994 et
1195 971 1287 1007 cog-

140 1017 376 1054 noscendum
396 1024 565 1068 putaret3
586 1017 682 1055 haec
698 1030 795 1063 esse,
816 1031 914 1068 quae
930 1018 977 1055 ab
994 1031 1040 1055 eo
1056 1018 1286 1068 postularet:

138 1077 316 1128 primum,
353 1091 401 1116 ne
435 1091 549 1129 quam
579 1079 775 1116 hominum
808 1079 1093 1116 multitudinem
1123 1079 1286 1130 amplius

136 1148 240 1177 trans
261 1139 439 1176 Rhenum
459 1139 497 1177 in
517 1139 682 1177 Galliam
702 1140 991 1178 transduceret:
1021 1140 1160 1177 deinde
1180 1140 1280 1177 obsi-

136 1200 217 1247 des,
237 1214 332 1251 quos
351 1201 511 1239 haberet
530 1202 577 1238 ab
598 1201 761 1247 Aeduis,
781 1202 984 1245 redderet3
1017 1201 1283 1253 Sequanisque

135 1262 391 1312 permitteret,
410 1270 467 1308 ut,
488 1275 582 1312 quos
596 1262 648 1298 illi
663 1262 863 1308 haberent,
883 1262 1083 1300 voluntate
1101 1264 1184 1312 ejus
1198 1264 1283 1301 red-

137 1323 228 1360 dere
250 1323 320 1360 illis
340 1323 474 1361 liceret
491 1339 499 1366 3
519 1336 616 1361 neve
636 1323 798 1361 Aeduos
816 1323 956 1373 injuria
968 1323 1195 1368 *lacesserem
1216 1337 1282 1362 ne-

133 1397 180 1421 ve
199 1383 256 1421 his
277 1383 437 1421 sociisve
469 1397 602 1421 eorum
635 1384 779 1422 bellum
799 1384 970 1422 inferret.
1027 1384 1066 1422 Si
1097 1385 1135 1422 id
1178 1386 1278 1436 [ita]

137 1445 307 1490 fecisset,
343 1445 413 1483 sibi
433 1445 653 1496 populoque
673 1445 850 1483 Romano
879 1453 1104 1497 perpetuam
1122 1447 1284 1497 gratiam

136 1514 252 1557 atque
272 1506 480 1543 amicitiam
500 1519 587 1544 cum
607 1519 653 1544 eo
672 1506 840 1544 futuram
859 1520 868 1544 :
897 1507 928 1544 si
948 1520 1026 1544 non
1045 1507 1282 1558 impetraret,

140 1569 285 1617 [sese‚]
329 1567 546 1618 (quoniam,
576 1568 632 1605 M.
651 1568 834 1614 Messala,
855 1567 914 1605 M.
934 1567 1074 1606 Pisone
1095 1569 1202 1606 Coss.
1222 1582 1281 1607 se-

135 1636 246 1667 natus
267 1629 490 1675 censuisset,
520 1629 590 1675 uti,
621 1629 842 1680 quicunque
863 1629 1027 1667 GaIIIam
1046 1631 1282 1680 provinciam

136 1690 343 1734 obtineret,
377 1689 481 1740 quod
501 1689 704 1727 commodo
735 1689 969 1740 reipublicae
989 1689 1117 1728 facere
1136 1698 1281 1741 posset,

135 1750 296 1787 Aeduos
311 1757 538 1800 ceterosque
551 1750 694 1788 amicos
706 1750 838 1801 populi
853 1750 1015 1788 Romani
1028 1750 1275 1803 defenderet)

136 1824 178 1849 se
197 1811 422 1848 Aeduorum
442 1811 600 1861 injurias
619 1824 696 1848 non
715 1812 997 1862 neglecturum.

185 1872 370 1910 XXXVI.
425 1873 491 1910 Ad
509 1873 605 1911 haec
622 1873 838 1911 Ariovistus
855 1874 1051 1924 respondit
1066 1889 1075 1911 ε
1112 1875 1138 1912 J
1141 1888 1183 1912 us
1197 1888 1279 1913 esse

133 1935 238 1980 belli,
258 1942 315 1980 ut,
336 1934 402 1985 qui
420 1934 614 1981 vicissent,
635 1935 692 1981 iis,
705 1948 801 1985 quos
819 1935 1013 1982 vicissent,
1034 1937 1279 1987 quemadmo-

131 1996 223 2034 dum
241 1997 398 2042 vellent,
435 1997 688 2047 imperarent:
725 1996 819 2034 item
846 1997 1032 2047 populum
1062 1998 1278 2036 Romanum

132 2057 256 2102 victis,
276 2071 353 2094 non
373 2057 421 2095 ad
440 2057 596 2095 alterius
615 2057 910 2108 praescriptum,
936 2057 1007 2094 sed
1024 2058 1072 2095 ad
1091 2071 1201 2096 suum
1220 2071 1279 2096 ar-

130 2118 287 2155 bitrIum
304 2119 492 2169 imperare
508 2121 727 2157 consuesse.
782 2119 822 2156 Si
842 2119 922 2169 ipse
935 2118 1080 2170 populo
1101 2119 1277 2158 Romano

131 2192 208 2217 non
227 2181 521 2230 praescriberet,
551 2180 873 2231 quemadmodum
892 2193 962 2218 suo
977 2182 1065 2230 jure
1089 2187 1278 2228 uteretur,

133 2252 209 2277 non
229 2249 409 2291 oportere
428 2254 512 2279 sese
531 2254 553 2279 a
581 2242 723 2293 populo
752 2241 928 2279 Romano
947 2242 986 2278 in
1005 2254 1075 2279 suo
1102 2243 1190 2291 jure
1209 2242 1277 2279 im-

133 2301 267 2351 pediri.
322 2302 482 2340 Aeduos
501 2303 586 2349 sibi,
607 2303 789 2354 quoniam
806 2303 898 2340 belli
917 2303 1110 2341 fortunam
1129 2304 1273 2341 tentas-

132 2370 231 2408 sent,
250 2370 288 2401 et
308 2364 421 2401 armis
441 2366 637 2416 congressi
655 2377 701 2403 ac
719 2364 888 2416 superati
907 2371 1050 2412 essent,
1069 2364 1275 2416 stipendi-a-
