1556 2683
530 209 697 249 LIBER
751 211 840 250 VII.
1210 216 1284 256 173

131 313 242 358 sidio,
262 313 406 364 potitus
433 314 534 360 loco,
568 316 663 353 duas
683 316 733 354 ibi
753 316 927 366 legiones
947 315 1178 361 collocavit;
1203 317 1282 355 fos-

133 386 292 424 samque
313 374 507 425 duplicem
528 376 748 414 duodenum
768 377 910 428 pedum
931 389 952 414 a
971 378 1178 426 majoribus
1198 391 1282 416 cas-

130 435 200 471 tris
219 435 268 472 ad
287 436 437 474 minora
454 438 651 488 perduxit,
668 446 708 476 ut
729 445 813 476 tuto
833 439 880 476 ab
894 438 1096 488 repentino
1115 438 1283 476 hostium

130 496 286 534 incursu
305 498 422 535 etiam
442 499 580 547 singuli
600 512 817 537 commeare
837 507 1006 550 possent.
1036 530 1045 540 .

181 557 388 596 XXXVII.
418 559 522 597 Dum
538 561 634 599 haec
649 562 698 598 ad
713 561 947 611 Gergoviam
963 567 1165 611 geruntur,
1179 561 1283 598 Con-

127 618 361 657 victolitanis
394 621 570 665 Aeduus,
601 623 663 660 cui
682 623 948 673 magistratum
978 622 1239 671 adjudicatum
1261 635 1284 660 a

127 680 295 717 Caesare
314 681 675 728 demonstravimus,
695 683 922 721 sollicitatus
941 684 989 720 ab
1006 684 1192 721 Arvernis
1212 697 1280 735 pe-

127 741 256 786 cunia,
298 755 386 779 cum
422 743 648 793 quibusdam
681 744 992 781 adolescentibus
1030 744 1282 795 colloquitur;

127 815 289 852 quorum
321 810 403 840 erat
436 803 614 854 princeps
647 804 858 849 Litavicus,
891 810 1006 853 atque
1026 805 1109 852 ejus
1129 802 1281 845 fratres,

124 863 358 914 amplissima
376 863 520 902 familia
548 865 627 902 nati
647 865 926 903 adolescentes.
982 864 1080 902 Cum
1100 864 1144 900 iis
1170 876 1282 914 prae-

123 925 240 961 mium
262 926 537 972 communicat,
557 927 825 977 hortaturque,
846 933 887 963 ut
908 939 947 963 se
967 926 1122 972 liberos,
1149 933 1189 962 et
1207 924 1278 962 im-

122 985 230 1037 perio
251 994 374 1032 natos,
400 988 666 1025 meminerint:
695 1001 810 1024 unam
830 1000 915 1025 csse
936 986 1164 1025 Aeduorum
1184 986 1277 1024 civi-

122 1055 255 1094 tatem,
276 1061 374 1099 quae
395 1049 647 1086 certissimam
667 1049 819 1086 Galliae
851 1049 1053 1086 victoriam
1073 1047 1277 1090 distineat;

121 1110 205 1159 ejus
233 1110 466 1147 auctoritate
498 1109 665 1161 reliquas
698 1110 889 1147 contineri
905 1125 914 1152 ;
944 1122 1019 1160 qua
1038 1108 1279 1154 transducta,

119 1171 248 1208 locum
277 1171 513 1208 consistendi
538 1170 720 1208 Romanis
741 1170 778 1207 in
812 1169 939 1208 Gal-lia
961 1182 1038 1207 non
1056 1169 1165 1206 fore:
1194 1182 1277 1207 esse

119 1232 306 1270 nonnullo
326 1245 367 1269 se
387 1232 562 1269 Caesaris
582 1231 771 1270 beneficio
787 1231 981 1276 affectum,
994 1231 1049 1268 sic
1071 1239 1215 1276 tamen,
1236 1238 1279 1268 ut

114 1293 364 1343 justissimam
395 1293 499 1344 apud
530 1306 617 1330 eum
639 1306 811 1330 caussam
842 1292 1077 1336 obtinuerit;
1105 1292 1172 1329 sed
1192 1292 1278 1343 plus

119 1354 314 1392 communi
346 1353 515 1391 libertati
544 1354 726 1391 tribuere.
755 1367 825 1392 cur
858 1353 960 1390 enim
980 1353 1109 1403 potius
1145 1353 1276 1390 Aedui

119 1417 168 1454 de
189 1430 257 1454 suo
273 1418 375 1466 jure,
409 1423 448 1453 et
467 1416 516 1452 de
545 1416 709 1466 legibus,
741 1415 791 1453 ad
811 1415 1016 1453 Caesarem
1036 1415 1273 1465 disceptato-

119 1491 215 1524 rem,
247 1490 360 1528 quam
381 1477 547 1515 Romani
566 1478 615 1515 ad
635 1477 810 1522 Aeduos,
847 1476 1030 1514 veniant?
1088 1476 1277 1514 Celeriter

117 1539 430 1577 adolescentibus
443 1546 483 1576 et
499 1539 672 1576 oratione
691 1538 938 1588 magistratus
957 1545 997 1576 et
1014 1538 1186 1588 praemio
1206 1538 1273 1575 de-

119 1601 260 1646 ductis,
291 1614 408 1651 quum
428 1613 469 1637 se
488 1601 547 1638 vel
563 1600 756 1651 principes
786 1601 867 1649 ejus
887 1599 1035 1637 consilii
1053 1599 1136 1636 fore
1156 1599 1272 1650 profi-

115 1669 305 1707 terentur,
322 1662 420 1699 ratio
437 1662 664 1712 perficiendi
677 1661 949 1712 quaerebatur,
963 1659 1066 1711 quod
1080 1661 1275 1698 civitatem

114 1731 261 1761 temere
273 1724 322 1761 ad
340 1723 625 1774 suscipiendum
641 1721 784 1760 bellum
803 1721 943 1759 adduci
959 1735 1071 1772 posse
1084 1735 1160 1758 non
1175 1735 1270 1759 con-

115 1785 303 1822 fidebant.
357 1784 523 1829 Placuit,
553 1784 609 1822 uti
628 1783 825 1822 Litavicus
845 1783 979 1821 decem
1001 1783 1074 1820 illis
1093 1783 1273 1829 millibus,

116 1859 214 1897 quae
236 1846 391 1883 Caesari
406 1845 456 1884 ad
470 1846 613 1884 bellum
629 1845 890 1891 mitterentur,
910 1844 1200 1895 praeficeretur,
1213 1853 1270 1881 at-

115 1920 190 1957 que
210 1919 256 1943 ea
276 1906 455 1944 ducenda
474 1913 641 1952 curaret,
660 1906 875 1957 fratresque
895 1907 977 1956 ejus
997 1906 1046 1942 ad
1067 1905 1272 1943 Caesarem

116 1973 425 2017 praecurrerent.
445 1966 606 2017 reliqua,
633 1979 709 2017 qua
737 1966 886 2004 ratione
905 1966 968 2016 agi
987 1965 1153 2016 placeat,
1180 1978 1272 2003 con-

115 2027 293 2064 stituunt.

171 2088 400 2125 XXXVIII.
436 2088 648 2135 Litavicus,
668 2095 831 2139 accepto
844 2087 1034 2133 exercitu,
1056 2100 1172 2137 quum
1188 2086 1272 2123 mil-

114 2148 165 2185 lia
182 2160 364 2198 passuum
386 2148 542 2185 circiter
561 2158 642 2185 xxx
660 2149 707 2185 ab
737 2148 932 2198 Gergovia
951 2148 1116 2193 abesset,
1129 2159 1272 2184 convo-

116 2209 213 2246 catis
233 2209 359 2247 subito
379 2209 578 2256 militibus,
610 2210 826 2255 lacrimans,
861 2210 949 2251 Quo
975 2208 1270 2260 proficiscimur,

113 2269 253 2321 inquit,
286 2270 452 2308 milites?
509 2270 645 2309 Omnis
666 2278 796 2309 noster
822 2270 1030 2322 equitatus,
1059 2269 1182 2308 omnis
1201 2282 1270 2307 no-
