<?xml version="1.0" encoding="UTF-8"?>
<!DOCTYPE html PUBLIC "-//W3C//DTD XHTML 1.0 Transitional//EN"
    "http://www.w3.org/TR/xhtml1/DTD/xhtml1-transitional.dtd">
<html xmlns="http://www.w3.org/1999/xhtml" xml:lang="en" lang="en">
 <head>
  <title>
</title>
<meta http-equiv="Content-Type" content="text/html;charset=utf-8" />
  <meta name='ocr-system' content='tesseract 3.04.00' />
  <meta name='ocr-capabilities' content='ocr_page ocr_carea ocr_par ocr_line ocrx_word'/>
</head>
<body>
  <div class='ocr_page' id='page_1' title='image "./debellogallicoet01caesuoft_0094.png"; bbox 0 0 1556 2683; ppageno 0'>
   <div class='ocr_carea' id='block_1_1' title="bbox 294 217 1180 258">
    <p class='ocr_par' dir='ltr' id='par_1_1' title="bbox 294 217 1180 258">
     <span class='ocr_line' id='line_1_1' title="bbox 294 217 1180 258; baseline 0.002 -2"><span class='ocrx_word' id='word_1_1' title='bbox 294 217 343 256; x_wconf 79' lang='lat'>70</span> <span class='ocrx_word' id='word_1_2' title='bbox 601 217 676 254; x_wconf 92' lang='lat' dir='ltr'>DE</span> <span class='ocrx_word' id='word_1_3' title='bbox 715 217 895 256; x_wconf 89' lang='lat' dir='ltr'>BELLO</span> <span class='ocrx_word' id='word_1_4' title='bbox 935 219 1180 258; x_wconf 91' lang='lat' dir='ltr'>GALLICO</span> 
     </span>
    </p>
   </div>
   <div class='ocr_carea' id='block_1_2' title="bbox 262 319 1437 2323">
    <p class='ocr_par' dir='ltr' id='par_1_2' title="bbox 283 319 1437 967">
     <span class='ocr_line' id='line_1_2' title="bbox 292 319 1437 372; baseline 0.005 -17"><span class='ocrx_word' id='word_1_5' title='bbox 292 319 406 369; x_wconf 87' lang='lat' dir='ltr'>potiri</span> <span class='ocrx_word' id='word_1_6' title='bbox 422 333 431 356; x_wconf 88' lang='lat'>:</span> <span class='ocrx_word' id='word_1_7' title='bbox 461 326 513 365; x_wconf 90' lang='lat' dir='ltr'>et,</span> <span class='ocrx_word' id='word_1_8' title='bbox 533 320 563 356; x_wconf 89' lang='lat' dir='ltr'>si</span> <span class='ocrx_word' id='word_1_9' title='bbox 582 329 739 371; x_wconf 87' lang='lat' dir='ltr'>propter</span> <span class='ocrx_word' id='word_1_10' title='bbox 754 322 919 372; x_wconf 86' lang='lat' dir='ltr'>inopiam</span> <span class='ocrx_word' id='word_1_11' title='bbox 935 323 988 360; x_wconf 90' lang='lat' dir='ltr'>rei</span> <span class='ocrx_word' id='word_1_12' title='bbox 1007 322 1277 360; x_wconf 82' lang='lat' dir='ltr'>frumentariae</span> <span class='ocrx_word' id='word_1_13' title='bbox 1295 323 1437 361; x_wconf 84' lang='lat' dir='ltr'>Roma-</span> 
     </span>
     <span class='ocr_line' id='line_1_3' title="bbox 291 379 1437 434; baseline 0.005 -19"><span class='ocrx_word' id='word_1_14' title='bbox 291 379 330 415; x_wconf 89' lang='lat' dir='ltr'>ni</span> <span class='ocrx_word' id='word_1_15' title='bbox 360 393 444 417; x_wconf 87' lang='lat' dir='ltr'>scse</span> <span class='ocrx_word' id='word_1_16' title='bbox 465 381 636 432; x_wconf 88' lang='lat' dir='ltr'>recipere</span> <span class='ocrx_word' id='word_1_17' title='bbox 657 382 887 432; x_wconf 85' lang='lat' dir='ltr'>coepissent,</span> <span class='ocrx_word' id='word_1_18' title='bbox 920 384 1124 434; x_wconf 88' lang='lat' dir='ltr'>impeditos</span> <span class='ocrx_word' id='word_1_19' title='bbox 1144 384 1182 420; x_wconf 90' lang='lat' dir='ltr'>in</span> <span class='ocrx_word' id='word_1_20' title='bbox 1214 385 1365 434; x_wconf 83' lang='lat' dir='ltr'><strong>agmine</strong></span> <span class='ocrx_word' id='word_1_21' title='bbox 1397 391 1437 422; x_wconf 89' lang='lat' dir='ltr'>et</span> 
     </span>
     <span class='ocr_line' id='line_1_4' title="bbox 289 441 1435 493; baseline 0.005 -17"><span class='ocrx_word' id='word_1_22' title='bbox 289 441 358 477; x_wconf 91' lang='lat' dir='ltr'>sub</span> <span class='ocrx_word' id='word_1_23' title='bbox 373 441 544 486; x_wconf 85' lang='lat' dir='ltr'>sarcinis,</span> <span class='ocrx_word' id='word_1_24' title='bbox 561 441 759 480; x_wconf 85' lang='lat' dir='ltr'>inferiores</span> <span class='ocrx_word' id='word_1_25' title='bbox 772 443 913 489; x_wconf 89' lang='lat' dir='ltr'>animo,</span> <span class='ocrx_word' id='word_1_26' title='bbox 927 443 1067 480; x_wconf 88' lang='lat' dir='ltr'>adoriri</span> <span class='ocrx_word' id='word_1_27' title='bbox 1083 443 1317 493; x_wconf 86' lang='lat' dir='ltr'><strong>cogitabant.</strong></span> <span class='ocrx_word' id='word_1_28' title='bbox 1345 444 1435 482; x_wconf 91' lang='lat' dir='ltr'>Hoc</span> 
     </span>
     <span class='ocr_line' id='line_1_5' title="bbox 289 501 1434 554; baseline 0.003 -17"><span class='ocrx_word' id='word_1_29' title='bbox 289 501 448 538; x_wconf 83' lang='lat' dir='ltr'>consilio</span> <span class='ocrx_word' id='word_1_30' title='bbox 480 503 642 552; x_wconf 87' lang='lat' dir='ltr'>probato</span> <span class='ocrx_word' id='word_1_31' title='bbox 675 504 722 540; x_wconf 90' lang='lat' dir='ltr'>ab</span> <span class='ocrx_word' id='word_1_32' title='bbox 742 504 916 550; x_wconf 89' lang='lat' dir='ltr'>ducibus,</span> <span class='ocrx_word' id='word_1_33' title='bbox 950 504 1146 554; x_wconf 88' lang='lat' dir='ltr'>productis</span> <span class='ocrx_word' id='word_1_34' title='bbox 1171 504 1434 541; x_wconf 85' lang='lat' dir='ltr'>Romanorum</span> 
     </span>
     <span class='ocr_line' id='line_1_6' title="bbox 288 562 1433 615; baseline 0.003 -17"><span class='ocrx_word' id='word_1_35' title='bbox 288 562 421 612; x_wconf 90' lang='lat' dir='ltr'>copiis,</span> <span class='ocrx_word' id='word_1_36' title='bbox 441 575 524 599; x_wconf 91' lang='lat' dir='ltr'>sese</span> <span class='ocrx_word' id='word_1_37' title='bbox 545 564 679 601; x_wconf 88' lang='lat' dir='ltr'>castris</span> <span class='ocrx_word' id='word_1_38' title='bbox 698 565 894 602; x_wconf 85' lang='lat' dir='ltr'>tenebant.</span> <span class='ocrx_word' id='word_1_39' title='bbox 924 565 1011 602; x_wconf 91' lang='lat' dir='ltr'>Hac</span> <span class='ocrx_word' id='word_1_40' title='bbox 1027 578 1067 602; x_wconf 87' lang='lat' dir='ltr'>re</span> <span class='ocrx_word' id='word_1_41' title='bbox 1082 572 1298 615; x_wconf 85' lang='lat' dir='ltr'>perspecta,</span> <span class='ocrx_word' id='word_1_42' title='bbox 1320 565 1433 602; x_wconf 87' lang='lat' dir='ltr'>Cras·</span> 
     </span>
     <span class='ocr_line' id='line_1_7' title="bbox 286 626 1433 677; baseline 0.003 -18"><span class='ocrx_word' id='word_1_43' title='bbox 286 635 363 668; x_wconf 82' lang='lat' dir='ltr'>sus,</span> <span class='ocrx_word' id='word_1_44' title='bbox 390 637 505 674; x_wconf 90' lang='lat' dir='ltr'>quum</span> <span class='ocrx_word' id='word_1_45' title='bbox 525 637 593 661; x_wconf 87' lang='lat' dir='ltr'>sua</span> <span class='ocrx_word' id='word_1_46' title='bbox 613 626 873 672; x_wconf 74' lang='lat' dir='ltr'>cunctatione,</span> <span class='ocrx_word' id='word_1_47' title='bbox 903 633 1020 677; x_wconf 86' lang='lat' dir='ltr'>atque</span> <span class='ocrx_word' id='word_1_48' title='bbox 1039 626 1235 676; x_wconf 87' lang='lat' dir='ltr'>opinione,</span> <span class='ocrx_word' id='word_1_49' title='bbox 1266 626 1433 663; x_wconf 88' lang='lat' dir='ltr'>timidio-</span> 
     </span>
     <span class='ocr_line' id='line_1_8' title="bbox 286 684 1434 737; baseline 0.003 -17"><span class='ocrx_word' id='word_1_50' title='bbox 286 696 347 720; x_wconf 88' lang='lat' dir='ltr'>res</span> <span class='ocrx_word' id='word_1_51' title='bbox 366 684 496 722; x_wconf 88' lang='lat' dir='ltr'>hostes</span> <span class='ocrx_word' id='word_1_52' title='bbox 531 694 682 723; x_wconf 87' lang='lat' dir='ltr'>nostros</span> <span class='ocrx_word' id='word_1_53' title='bbox 701 687 839 723; x_wconf 86' lang='lat' dir='ltr'>milites</span> <span class='ocrx_word' id='word_1_54' title='bbox 870 687 1076 724; x_wconf 84' lang='lat' dir='ltr'>alacriores</span> <span class='ocrx_word' id='word_1_55' title='bbox 1105 686 1153 723; x_wconf 85' lang='lat' dir='ltr'>ad</span> <span class='ocrx_word' id='word_1_56' title='bbox 1184 687 1434 737; x_wconf 87' lang='lat' dir='ltr'>pugnandum</span> 
     </span>
     <span class='ocr_line' id='line_1_9' title="bbox 286 744 1433 799; baseline 0.004 -18"><span class='ocrx_word' id='word_1_57' title='bbox 286 744 516 792; x_wconf 83' lang='lat' dir='ltr'>effecissent,</span> <span class='ocrx_word' id='word_1_58' title='bbox 543 754 658 797; x_wconf 86' lang='lat' dir='ltr'>atque</span> <span class='ocrx_word' id='word_1_59' title='bbox 678 748 848 785; x_wconf 88' lang='lat' dir='ltr'>omnium</span> <span class='ocrx_word' id='word_1_60' title='bbox 868 761 981 785; x_wconf 85' lang='lat' dir='ltr'>voces</span> <span class='ocrx_word' id='word_1_61' title='bbox 1001 747 1239 793; x_wconf 79' lang='lat' dir='ltr'>audirentur,</span> <span class='ocrx_word' id='word_1_62' title='bbox 1272 760 1433 799; x_wconf 87' lang='lat' dir='ltr'>exspec-</span> 
     </span>
     <span class='ocr_line' id='line_1_10' title="bbox 285 808 1432 860; baseline 0.003 -16"><span class='ocrx_word' id='word_1_63' title='bbox 285 808 357 845; x_wconf 87' lang='lat' dir='ltr'>tari</span> <span class='ocrx_word' id='word_1_64' title='bbox 391 809 533 846; x_wconf 88' lang='lat' dir='ltr'>diutius</span> <span class='ocrx_word' id='word_1_65' title='bbox 553 823 628 847; x_wconf 88' lang='lat' dir='ltr'>non</span> <span class='ocrx_word' id='word_1_66' title='bbox 649 819 841 860; x_wconf 84' lang='lat' dir='ltr'>oportere,</span> <span class='ocrx_word' id='word_1_67' title='bbox 875 810 965 860; x_wconf 92' lang='lat' dir='ltr'>quin</span> <span class='ocrx_word' id='word_1_68' title='bbox 987 809 1034 846; x_wconf 88' lang='lat' dir='ltr'>ad</span> <span class='ocrx_word' id='word_1_69' title='bbox 1054 816 1178 846; x_wconf 85' lang='lat' dir='ltr'>castra</span> <span class='ocrx_word' id='word_1_70' title='bbox 1197 809 1341 853; x_wconf 81' lang='lat' dir='ltr'>iretur3</span> <span class='ocrx_word' id='word_1_71' title='bbox 1367 822 1432 847; x_wconf 87' lang='lat' dir='ltr'>co-</span> 
     </span>
     <span class='ocr_line' id='line_1_11' title="bbox 283 869 1432 921; baseline 0.002 -15"><span class='ocrx_word' id='word_1_72' title='bbox 283 869 457 907; x_wconf 80' lang='lat' dir='ltr'>hortatus</span> <span class='ocrx_word' id='word_1_73' title='bbox 477 884 579 917; x_wconf 89' lang='lat' dir='ltr'>suos‚</span> <span class='ocrx_word' id='word_1_74' title='bbox 600 871 775 908; x_wconf 89' lang='lat' dir='ltr'>omnibus</span> <span class='ocrx_word' id='word_1_75' title='bbox 791 871 1049 921; x_wconf 83' lang='lat' dir='ltr'>cupientibuS,</span> <span class='ocrx_word' id='word_1_76' title='bbox 1064 870 1114 907; x_wconf 89' lang='lat' dir='ltr'>ad</span> <span class='ocrx_word' id='word_1_77' title='bbox 1126 871 1293 907; x_wconf 87' lang='lat' dir='ltr'>hostium</span> <span class='ocrx_word' id='word_1_78' title='bbox 1308 877 1432 914; x_wconf 83' lang='lat' dir='ltr'>castra</span> 
     </span>
     <span class='ocr_line' id='line_1_12' title="bbox 284 931 498 967; baseline 0 0"><span class='ocrx_word' id='word_1_79' title='bbox 284 931 498 967; x_wconf 83' lang='lat' dir='ltr'>contendit.</span> 
     </span>
    </p>

    <p class='ocr_par' dir='ltr' id='par_1_3' title="bbox 270 984 1431 1701">
     <span class='ocr_line' id='line_1_13' title="bbox 334 984 1431 1043; baseline 0.001 -16"><span class='ocrx_word' id='word_1_80' title='bbox 334 991 460 1028; x_wconf 84' lang='lat' dir='ltr'><strong>XXV.</strong></span> <span class='ocrx_word' id='word_1_81' title='bbox 513 992 586 1038; x_wconf 86' lang='lat' dir='ltr'>Ibi,</span> <span class='ocrx_word' id='word_1_82' title='bbox 607 1006 724 1043; x_wconf 86' lang='lat' dir='ltr'>quum</span> <span class='ocrx_word' id='word_1_83' title='bbox 743 992 807 1029; x_wconf 83' lang='lat' dir='ltr'>alii</span> <span class='ocrx_word' id='word_1_84' title='bbox 826 992 944 1030; x_wconf 73' lang='lat' dir='ltr'>fossas</span> <span class='ocrx_word' id='word_1_85' title='bbox 965 984 1215 1043; x_wconf 61' lang='lat' dir='ltr'>complerent,</span> <span class='ocrx_word' id='word_1_86' title='bbox 1235 991 1312 1037; x_wconf 91' lang='lat' dir='ltr'>alii,</span> <span class='ocrx_word' id='word_1_87' title='bbox 1333 990 1431 1029; x_wconf 89' lang='lat' dir='ltr'>mul-</span> 
     </span>
     <span class='ocr_line' id='line_1_14' title="bbox 279 1052 1429 1105; baseline 0.002 -16"><span class='ocrx_word' id='word_1_88' title='bbox 279 1052 327 1089; x_wconf 85' lang='lat' dir='ltr'>tis</span> <span class='ocrx_word' id='word_1_89' title='bbox 348 1053 433 1090; x_wconf 89' lang='lat' dir='ltr'>telis</span> <span class='ocrx_word' id='word_1_90' title='bbox 454 1054 656 1103; x_wconf 86' lang='lat' dir='ltr'>conjectis,</span> <span class='ocrx_word' id='word_1_91' title='bbox 693 1054 914 1091; x_wconf 88' lang='lat' dir='ltr'>defensores</span> <span class='ocrx_word' id='word_1_92' title='bbox 944 1054 1042 1090; x_wconf 92' lang='lat' dir='ltr'>vallo</span> <span class='ocrx_word' id='word_1_93' title='bbox 1074 1053 1429 1105; x_wconf 84' lang='lat' dir='ltr'>munitionibusque</span> 
     </span>
     <span class='ocr_line' id='line_1_15' title="bbox 278 1113 1428 1165; baseline 0 -14"><span class='ocrx_word' id='word_1_94' title='bbox 278 1113 529 1164; x_wconf 82' lang='lat' dir='ltr'>depellerent,</span> <span class='ocrx_word' id='word_1_95' title='bbox 564 1115 861 1165; x_wconf 75' lang='lat' dir='ltr'>auxiliaresque,</span> <span class='ocrx_word' id='word_1_96' title='bbox 899 1114 1036 1165; x_wconf 89' lang='lat' dir='ltr'>quibus</span> <span class='ocrx_word' id='word_1_97' title='bbox 1072 1114 1121 1152; x_wconf 85' lang='lat' dir='ltr'>ad</span> <span class='ocrx_word' id='word_1_98' title='bbox 1151 1127 1318 1165; x_wconf 83' lang='lat' dir='ltr'>pugnam</span> <span class='ocrx_word' id='word_1_99' title='bbox 1350 1127 1428 1152; x_wconf 91' lang='lat' dir='ltr'>non</span> 
     </span>
     <span class='ocr_line' id='line_1_16' title="bbox 277 1175 1428 1226; baseline 0.002 -16"><span class='ocrx_word' id='word_1_100' title='bbox 277 1175 439 1212; x_wconf 77' lang='lat' dir='ltr'>multum</span> <span class='ocrx_word' id='word_1_101' title='bbox 462 1176 621 1213; x_wconf 78' lang='lat' dir='ltr'>Crassus</span> <span class='ocrx_word' id='word_1_102' title='bbox 641 1176 873 1221; x_wconf 80' lang='lat' dir='ltr'>confidebat,</span> <span class='ocrx_word' id='word_1_103' title='bbox 893 1176 1081 1226; x_wconf 83' lang='lat' dir='ltr'>lapidibus</span> <span class='ocrx_word' id='word_1_104' title='bbox 1101 1175 1264 1226; x_wconf 89' lang='lat' dir='ltr'>telisque</span> <span class='ocrx_word' id='word_1_105' title='bbox 1284 1176 1428 1213; x_wconf 91' lang='lat' dir='ltr'>submi-</span> 
     </span>
     <span class='ocr_line' id='line_1_17' title="bbox 277 1235 1428 1288; baseline 0.002 -17"><span class='ocrx_word' id='word_1_106' title='bbox 277 1235 496 1281; x_wconf 79' lang='lat' dir='ltr'>nistrandis,</span> <span class='ocrx_word' id='word_1_107' title='bbox 535 1244 574 1273; x_wconf 83' lang='lat' dir='ltr'>ct</span> <span class='ocrx_word' id='word_1_108' title='bbox 594 1237 641 1274; x_wconf 84' lang='lat' dir='ltr'>ad</span> <span class='ocrx_word' id='word_1_109' title='bbox 675 1250 855 1286; x_wconf 64' lang='lat' dir='ltr'>aggerem</span> <span class='ocrx_word' id='word_1_110' title='bbox 887 1238 1096 1288; x_wconf 79' lang='lat' dir='ltr'>cespitibus</span> <span class='ocrx_word' id='word_1_111' title='bbox 1128 1236 1428 1287; x_wconf 81' lang='lat' dir='ltr'>comportandis,</span> 
     </span>
     <span class='ocr_line' id='line_1_18' title="bbox 278 1298 1425 1349; baseline 0.002 -16"><span class='ocrx_word' id='word_1_112' title='bbox 278 1298 445 1347; x_wconf 78' lang='lat' dir='ltr'>speciem</span> <span class='ocrx_word' id='word_1_113' title='bbox 484 1305 599 1348; x_wconf 88' lang='lat' dir='ltr'>atque</span> <span class='ocrx_word' id='word_1_114' title='bbox 637 1299 856 1348; x_wconf 86' lang='lat' dir='ltr'>opinionem</span> <span class='ocrx_word' id='word_1_115' title='bbox 893 1298 1147 1349; x_wconf 83' lang='lat' dir='ltr'>pugnantium</span> <span class='ocrx_word' id='word_1_116' title='bbox 1171 1298 1425 1348; x_wconf 84' lang='lat' dir='ltr'>praeberent;</span> 
     </span>
     <span class='ocr_line' id='line_1_19' title="bbox 275 1359 1425 1410; baseline 0.002 -16"><span class='ocrx_word' id='word_1_117' title='bbox 275 1371 391 1408; x_wconf 88' lang='lat' dir='ltr'>quum</span> <span class='ocrx_word' id='word_1_118' title='bbox 412 1359 501 1396; x_wconf 86' lang='lat' dir='ltr'>item</span> <span class='ocrx_word' id='word_1_119' title='bbox 524 1360 571 1396; x_wconf 89' lang='lat' dir='ltr'>ab</span> <span class='ocrx_word' id='word_1_120' title='bbox 588 1360 761 1396; x_wconf 83' lang='lat' dir='ltr'>hostibus</span> <span class='ocrx_word' id='word_1_121' title='bbox 777 1367 998 1396; x_wconf 83' lang='lat' dir='ltr'>constanter</span> <span class='ocrx_word' id='word_1_122' title='bbox 1018 1372 1062 1397; x_wconf 84' lang='lat' dir='ltr'>ac</span> <span class='ocrx_word' id='word_1_123' title='bbox 1077 1372 1154 1396; x_wconf 90' lang='lat' dir='ltr'>non</span> <span class='ocrx_word' id='word_1_124' title='bbox 1174 1359 1307 1396; x_wconf 88' lang='lat' dir='ltr'>timide</span> <span class='ocrx_word' id='word_1_125' title='bbox 1327 1373 1425 1410; x_wconf 80' lang='lat' dir='ltr'>pug-</span> 
     </span>
     <span class='ocr_line' id='line_1_20' title="bbox 275 1419 1424 1470; baseline 0.002 -15"><span class='ocrx_word' id='word_1_126' title='bbox 275 1426 446 1464; x_wconf 85' lang='lat' dir='ltr'>naretur,</span> <span class='ocrx_word' id='word_1_127' title='bbox 476 1420 642 1470; x_wconf 83' lang='lat' dir='ltr'>telaque,</span> <span class='ocrx_word' id='word_1_128' title='bbox 674 1433 722 1456; x_wconf 81' lang='lat' dir='ltr'>ex</span> <span class='ocrx_word' id='word_1_129' title='bbox 743 1420 828 1457; x_wconf 91' lang='lat' dir='ltr'>loco</span> <span class='ocrx_word' id='word_1_130' title='bbox 849 1419 1045 1470; x_wconf 84' lang='lat' dir='ltr'>superiore</span> <span class='ocrx_word' id='word_1_131' title='bbox 1064 1419 1192 1465; x_wconf 89' lang='lat' dir='ltr'>missa,</span> <span class='ocrx_word' id='word_1_132' title='bbox 1222 1432 1298 1455; x_wconf 91' lang='lat' dir='ltr'>non</span> <span class='ocrx_word' id='word_1_133' title='bbox 1327 1419 1424 1457; x_wconf 89' lang='lat' dir='ltr'>frus-</span> 
     </span>
     <span class='ocr_line' id='line_1_21' title="bbox 272 1480 1424 1531; baseline 0.002 -15"><span class='ocrx_word' id='word_1_134' title='bbox 272 1488 332 1516; x_wconf 82' lang='lat' dir='ltr'>tra</span> <span class='ocrx_word' id='word_1_135' title='bbox 362 1480 582 1518; x_wconf 84' lang='lat' dir='ltr'>acciderent</span> <span class='ocrx_word' id='word_1_136' title='bbox 599 1497 608 1523; x_wconf 75' lang='lat'><em>3</em></span> <span class='ocrx_word' id='word_1_137' title='bbox 641 1482 804 1531; x_wconf 86' lang='lat' dir='ltr'>equites,</span> <span class='ocrx_word' id='word_1_138' title='bbox 838 1480 1048 1518; x_wconf 85' lang='lat' dir='ltr'>circumitis</span> <span class='ocrx_word' id='word_1_139' title='bbox 1078 1480 1245 1518; x_wconf 89' lang='lat' dir='ltr'>hostium</span> <span class='ocrx_word' id='word_1_140' title='bbox 1277 1481 1424 1527; x_wconf 86' lang='lat' dir='ltr'>castris,</span> 
     </span>
     <span class='ocr_line' id='line_1_22' title="bbox 273 1541 1424 1591; baseline 0.002 -13"><span class='ocrx_word' id='word_1_141' title='bbox 273 1541 411 1578; x_wconf 86' lang='lat' dir='ltr'>Crasso</span> <span class='ocrx_word' id='word_1_142' title='bbox 432 1544 769 1589; x_wconf 83' lang='lat' dir='ltr'>renunciaverunt,</span> <span class='ocrx_word' id='word_1_143' title='bbox 800 1555 877 1578; x_wconf 90' lang='lat' dir='ltr'>non</span> <span class='ocrx_word' id='word_1_144' title='bbox 898 1541 1030 1579; x_wconf 87' lang='lat' dir='ltr'>eadem</span> <span class='ocrx_word' id='word_1_145' title='bbox 1052 1554 1135 1578; x_wconf 90' lang='lat' dir='ltr'>esse</span> <span class='ocrx_word' id='word_1_146' title='bbox 1155 1541 1355 1591; x_wconf 83' lang='lat' dir='ltr'>diligentia</span> <span class='ocrx_word' id='word_1_147' title='bbox 1376 1543 1424 1580; x_wconf 90' lang='lat' dir='ltr'>ab</span> 
     </span>
     <span class='ocr_line' id='line_1_23' title="bbox 271 1601 1423 1653; baseline 0.002 -14"><span class='ocrx_word' id='word_1_148' title='bbox 271 1602 485 1640; x_wconf 81' lang='lat' dir='ltr'>decumana</span> <span class='ocrx_word' id='word_1_149' title='bbox 521 1610 632 1653; x_wconf 87' lang='lat' dir='ltr'>porta</span> <span class='ocrx_word' id='word_1_150' title='bbox 670 1611 794 1641; x_wconf 85' lang='lat' dir='ltr'>castra</span> <span class='ocrx_word' id='word_1_151' title='bbox 830 1603 991 1648; x_wconf 84' lang='lat' dir='ltr'>munita,</span> <span class='ocrx_word' id='word_1_152' title='bbox 1027 1601 1257 1653; x_wconf 82' lang='lat' dir='ltr'>facilemque</span> <span class='ocrx_word' id='word_1_153' title='bbox 1277 1602 1423 1641; x_wconf 89' lang='lat' dir='ltr'>aditum</span> 
     </span>
     <span class='ocr_line' id='line_1_24' title="bbox 270 1663 425 1701; baseline 0 -2"><span class='ocrx_word' id='word_1_154' title='bbox 270 1663 425 1701; x_wconf 82' lang='lat' dir='ltr'>habere.</span> 
     </span>
    </p>

    <p class='ocr_par' dir='ltr' id='par_1_4' title="bbox 262 1724 1419 2323">
     <span class='ocr_line' id='line_1_25' title="bbox 321 1724 1417 1777; baseline 0.004 -17"><span class='ocrx_word' id='word_1_155' title='bbox 321 1724 467 1762; x_wconf 83' lang='lat' dir='ltr'><strong>XXVI.</strong></span> <span class='ocrx_word' id='word_1_156' title='bbox 523 1726 695 1771; x_wconf 82' lang='lat' dir='ltr'>Crassus,</span> <span class='ocrx_word' id='word_1_157' title='bbox 726 1726 897 1777; x_wconf 88' lang='lat' dir='ltr'>equitum</span> <span class='ocrx_word' id='word_1_158' title='bbox 928 1725 1145 1775; x_wconf 84' lang='lat' dir='ltr'>praefectos</span> <span class='ocrx_word' id='word_1_159' title='bbox 1178 1725 1417 1773; x_wconf 82' lang='lat' dir='ltr'>cohortatus,</span> 
     </span>
     <span class='ocr_line' id='line_1_26' title="bbox 271 1786 1419 1837; baseline 0.003 -15"><span class='ocrx_word' id='word_1_160' title='bbox 271 1791 312 1822; x_wconf 86' lang='lat' dir='ltr'>ut</span> <span class='ocrx_word' id='word_1_161' title='bbox 332 1786 480 1834; x_wconf 80' lang='lat' dir='ltr'>magnis</span> <span class='ocrx_word' id='word_1_162' title='bbox 513 1787 690 1835; x_wconf 87' lang='lat' dir='ltr'>praemiis</span> <span class='ocrx_word' id='word_1_163' title='bbox 722 1786 1140 1837; x_wconf 85' lang='lat' dir='ltr'>pollicitationibusque</span> <span class='ocrx_word' id='word_1_164' title='bbox 1161 1799 1249 1824; x_wconf 89' lang='lat' dir='ltr'>suos</span> <span class='ocrx_word' id='word_1_165' title='bbox 1269 1787 1419 1825; x_wconf 87' lang='lat' dir='ltr'>excita-</span> 
     </span>
     <span class='ocr_line' id='line_1_27' title="bbox 269 1846 1418 1898; baseline 0.003 -16"><span class='ocrx_word' id='word_1_166' title='bbox 269 1854 368 1891; x_wconf 92' lang='lat' dir='ltr'>rent,</span> <span class='ocrx_word' id='word_1_167' title='bbox 389 1846 480 1896; x_wconf 89' lang='lat' dir='ltr'>quid</span> <span class='ocrx_word' id='word_1_168' title='bbox 499 1847 580 1884; x_wconf 87' lang='lat' dir='ltr'>fieri</span> <span class='ocrx_word' id='word_1_169' title='bbox 597 1848 688 1884; x_wconf 90' lang='lat' dir='ltr'>velit</span> <span class='ocrx_word' id='word_1_170' title='bbox 708 1847 888 1884; x_wconf 85' lang='lat' dir='ltr'>ostendit.</span> <span class='ocrx_word' id='word_1_171' title='bbox 925 1847 1000 1892; x_wconf 89' lang='lat' dir='ltr'>Illi,</span> <span class='ocrx_word' id='word_1_172' title='bbox 1017 1854 1058 1884; x_wconf 90' lang='lat' dir='ltr'>ut</span> <span class='ocrx_word' id='word_1_173' title='bbox 1079 1855 1159 1885; x_wconf 87' lang='lat' dir='ltr'>erat</span> <span class='ocrx_word' id='word_1_174' title='bbox 1176 1847 1418 1898; x_wconf 86' lang='lat' dir='ltr'>imperatum,</span> 
     </span>
     <span class='ocr_line' id='line_1_28' title="bbox 269 1907 1415 1958; baseline 0.003 -14"><span class='ocrx_word' id='word_1_175' title='bbox 269 1907 419 1944; x_wconf 88' lang='lat' dir='ltr'>eductis</span> <span class='ocrx_word' id='word_1_176' title='bbox 447 1915 611 1957; x_wconf 81' lang='lat' dir='ltr'>quatuor</span> <span class='ocrx_word' id='word_1_177' title='bbox 642 1908 878 1953; x_wconf 87' lang='lat' dir='ltr'>cohortibus,</span> <span class='ocrx_word' id='word_1_178' title='bbox 912 1921 1023 1958; x_wconf 84' lang='lat' dir='ltr'>quae,</span> <span class='ocrx_word' id='word_1_179' title='bbox 1056 1908 1247 1958; x_wconf 84' lang='lat' dir='ltr'>praesidio</span> <span class='ocrx_word' id='word_1_180' title='bbox 1282 1909 1415 1947; x_wconf 88' lang='lat' dir='ltr'>castris</span> 
     </span>
     <span class='ocr_line' id='line_1_29' title="bbox 269 1968 1417 2018; baseline 0.003 -14"><span class='ocrx_word' id='word_1_181' title='bbox 269 1968 439 2012; x_wconf 82' lang='lat' dir='ltr'>relictae,</span> <span class='ocrx_word' id='word_1_182' title='bbox 462 1968 633 2018; x_wconf 76' lang='lat' dir='ltr'>integrae</span> <span class='ocrx_word' id='word_1_183' title='bbox 654 1969 700 2005; x_wconf 90' lang='lat' dir='ltr'>ab</span> <span class='ocrx_word' id='word_1_184' title='bbox 721 1969 851 2005; x_wconf 87' lang='lat' dir='ltr'>labore</span> <span class='ocrx_word' id='word_1_185' title='bbox 871 1976 991 2014; x_wconf 86' lang='lat' dir='ltr'>erant,</span> <span class='ocrx_word' id='word_1_186' title='bbox 1029 1976 1067 2005; x_wconf 89' lang='lat' dir='ltr'>et</span> <span class='ocrx_word' id='word_1_187' title='bbox 1086 1969 1260 2018; x_wconf 72' lang='lat' dir='ltr'>longiore</span> <span class='ocrx_word' id='word_1_188' title='bbox 1281 1970 1417 2007; x_wconf 87' lang='lat' dir='ltr'>itinere</span> 
     </span>
     <span class='ocr_line' id='line_1_30' title="bbox 267 2028 1415 2080; baseline 0.002 -16"><span class='ocrx_word' id='word_1_189' title='bbox 267 2028 554 2073; x_wconf 87' lang='lat' dir='ltr'>circumductis,</span> <span class='ocrx_word' id='word_1_190' title='bbox 583 2041 632 2065; x_wconf 90' lang='lat' dir='ltr'>ne</span> <span class='ocrx_word' id='word_1_191' title='bbox 653 2041 701 2065; x_wconf 82' lang='lat' dir='ltr'>ex</span> <span class='ocrx_word' id='word_1_192' title='bbox 723 2028 887 2066; x_wconf 88' lang='lat' dir='ltr'>hostium</span> <span class='ocrx_word' id='word_1_193' title='bbox 909 2028 1040 2065; x_wconf 87' lang='lat' dir='ltr'>castris</span> <span class='ocrx_word' id='word_1_194' title='bbox 1055 2029 1224 2078; x_wconf 88' lang='lat' dir='ltr'>conspici</span> <span class='ocrx_word' id='word_1_195' title='bbox 1245 2037 1415 2080; x_wconf 84' lang='lat' dir='ltr'>possent,</span> 
     </span>
     <span class='ocr_line' id='line_1_31' title="bbox 265 2089 1415 2140; baseline 0.001 -14"><span class='ocrx_word' id='word_1_196' title='bbox 265 2089 434 2126; x_wconf 82' lang='lat' dir='ltr'>omnium</span> <span class='ocrx_word' id='word_1_197' title='bbox 456 2089 577 2126; x_wconf 79' lang='lat' dir='ltr'>oculis</span> <span class='ocrx_word' id='word_1_198' title='bbox 596 2091 866 2140; x_wconf 82' lang='lat' dir='ltr'>mentibusque</span> <span class='ocrx_word' id='word_1_199' title='bbox 882 2090 929 2126; x_wconf 86' lang='lat' dir='ltr'>ad</span> <span class='ocrx_word' id='word_1_200' title='bbox 945 2102 1111 2139; x_wconf 86' lang='lat' dir='ltr'>pugnam</span> <span class='ocrx_word' id='word_1_201' title='bbox 1127 2090 1297 2135; x_wconf 87' lang='lat' dir='ltr'>intentis,</span> <span class='ocrx_word' id='word_1_202' title='bbox 1314 2090 1415 2127; x_wconf 87' lang='lat' dir='ltr'>cele-</span> 
     </span>
     <span class='ocr_line' id='line_1_32' title="bbox 264 2149 1416 2201; baseline 0.002 -15"><span class='ocrx_word' id='word_1_203' title='bbox 264 2149 357 2186; x_wconf 83' lang='lat' dir='ltr'>riter</span> <span class='ocrx_word' id='word_1_204' title='bbox 377 2149 425 2186; x_wconf 83' lang='lat' dir='ltr'>ad</span> <span class='ocrx_word' id='word_1_205' title='bbox 446 2162 522 2195; x_wconf 81' lang='lat' dir='ltr'>eas,</span> <span class='ocrx_word' id='word_1_206' title='bbox 552 2163 645 2200; x_wconf 84' lang='lat' dir='ltr'>quas</span> <span class='ocrx_word' id='word_1_207' title='bbox 666 2151 845 2196; x_wconf 83' lang='lat' dir='ltr'>diximus,</span> <span class='ocrx_word' id='word_1_208' title='bbox 876 2150 1106 2188; x_wconf 86' lang='lat' dir='ltr'>munitiones</span> <span class='ocrx_word' id='word_1_209' title='bbox 1135 2158 1416 2201; x_wconf 87' lang='lat' dir='ltr'>pervenerunt;</span> 
     </span>
     <span class='ocr_line' id='line_1_33' title="bbox 262 2209 1411 2260; baseline 0.003 -15"><span class='ocrx_word' id='word_1_210' title='bbox 262 2218 392 2259; x_wconf 66' lang='lat' dir='ltr'>atquc,</span> <span class='ocrx_word' id='word_1_211' title='bbox 426 2209 483 2245; x_wconf 73' lang='lat' dir='ltr'>bis</span> <span class='ocrx_word' id='word_1_212' title='bbox 503 2211 682 2260; x_wconf 57' lang='lat' dir='ltr'>prorum,</span> <span class='ocrx_word' id='word_1_213' title='bbox 703 2210 807 2260; x_wconf 83' lang='lat' dir='ltr'>prius</span> <span class='ocrx_word' id='word_1_214' title='bbox 827 2210 864 2247; x_wconf 92' lang='lat' dir='ltr'>in</span> <span class='ocrx_word' id='word_1_215' title='bbox 886 2211 1052 2247; x_wconf 84' lang='lat' dir='ltr'>hostium</span> <span class='ocrx_word' id='word_1_216' title='bbox 1074 2211 1208 2248; x_wconf 78' lang='lat' dir='ltr'>castris</span> <span class='ocrx_word' id='word_1_217' title='bbox 1228 2211 1411 2249; x_wconf 87' lang='lat' dir='ltr'>constite-</span> 
     </span>
     <span class='ocr_line' id='line_1_34' title="bbox 262 2270 1412 2323; baseline 0.004 -18"><span class='ocrx_word' id='word_1_218' title='bbox 262 2276 364 2315; x_wconf 87' lang='lat' dir='ltr'>runt,</span> <span class='ocrx_word' id='word_1_219' title='bbox 398 2281 509 2319; x_wconf 86' lang='lat' dir='ltr'>quam</span> <span class='ocrx_word' id='word_1_220' title='bbox 528 2270 641 2320; x_wconf 86' lang='lat' dir='ltr'>plane</span> <span class='ocrx_word' id='word_1_221' title='bbox 660 2271 708 2308; x_wconf 88' lang='lat' dir='ltr'>ab</span> <span class='ocrx_word' id='word_1_222' title='bbox 728 2271 773 2307; x_wconf 88' lang='lat' dir='ltr'>iis</span> <span class='ocrx_word' id='word_1_223' title='bbox 793 2270 926 2317; x_wconf 87' lang='lat' dir='ltr'>videri,</span> <span class='ocrx_word' id='word_1_224' title='bbox 959 2278 1026 2308; x_wconf 85' lang='lat' dir='ltr'>aut</span> <span class='ocrx_word' id='word_1_225' title='bbox 1053 2271 1145 2321; x_wconf 88' lang='lat' dir='ltr'>quid</span> <span class='ocrx_word' id='word_1_226' title='bbox 1173 2272 1227 2310; x_wconf 89' lang='lat' dir='ltr'>rei</span> <span class='ocrx_word' id='word_1_227' title='bbox 1256 2284 1412 2323; x_wconf 86' lang='lat' dir='ltr'>gerere-</span> 
     </span>
    </p>
   </div>
  </div>
 </body>
</html>
