1556 2683
512 231 677 270 LIBER
731 231 799 270 VI.
1196 236 1268 276 127

123 333 331 385 Reginum,
352 334 397 371 T.
414 334 604 381 Sextium,
622 336 785 386 legatos,
801 335 984 374 dilectum
1000 335 1143 373 habere
1159 335 1266 374 insti-

119 397 215 433 tuit:
243 396 353 434 simul
373 397 420 434 ab
442 396 512 433 Cn.
534 396 719 448 Pompeio
738 395 968 446 proconsule
988 396 1100 446 petit,
1129 397 1266 446 quoni-

118 469 178 493 am
215 456 295 507 ipse
323 458 371 494 ad
399 458 534 494 urbem
561 470 649 495 cum
676 457 836 508 imperio
868 457 1102 507 reipublicae
1131 470 1267 494 caussa

117 524 348 562 remaneret,
383 530 478 567 quos
498 530 547 554 ex
580 518 772 569 Cisalpina
805 516 933 555 Gallia
952 518 1119 556 consulis
1138 531 1266 556 sacra-

117 585 249 614 mento
269 578 494 628 rogavisset,
522 578 571 615 ad
590 579 699 629 signa
718 579 924 616 convenire
955 587 994 616 et
1010 579 1059 616 ad
1077 591 1118 615 se
1149 578 1264 629 profi-

120 639 214 676 cisci
229 639 410 688 juberet:
431 641 558 689 magni
576 640 760 678 interesse
776 640 893 678 etiam
905 640 943 677 in
959 640 1147 690 reliquum
1167 647 1265 677 tem-

114 713 186 750 pus
202 700 251 738 ad
267 699 484 750 opinionem
505 701 668 747 Galliae,
690 701 925 747 existimans,
946 709 1072 739 tantas
1086 700 1206 738 videri
1225 701 1264 738 1-

113 761 228 799 taliae
248 761 468 807 facultates,
499 769 556 808 ut,
576 764 606 800 si
626 763 718 813 quid
737 771 838 801 esset
858 764 895 800 in
918 763 1018 800 ‘oello
1038 763 1262 801 detrimenti

113 831 332 873 acceptum,
352 836 428 860 non
449 823 563 860 modo
583 824 622 861 id
642 824 746 861 brevi
765 831 940 875 tempore
959 824 1105 870 sarciri,
1134 824 1202 861 sed
1222 837 1262 861 e-

114 884 204 920 tiam
235 885 443 933 majoribus
462 885 644 935 adaugeri
674 886 793 936 copiis
813 893 953 936 posset.
1008 886 1122 928 Quod
1143 899 1262 936 quum

113 945 320 996 Pompeius
336 953 375 983 et
391 946 624 997 reipublicae
643 954 682 984 et
694 947 884 984 amicitiae
900 947 1109 992 tribuisset,
1126 946 1261 984 celeri-

109 1014 169 1045 ter
184 1007 363 1045 confecto
379 1020 447 1058 per
462 1020 550 1045 suos
566 1007 725 1053 dilectu,
739 1007 859 1045 tribus
874 1015 963 1045 ante
980 1016 1157 1045 exactam
1179 1007 1260 1045 liie-

110 1082 211 1106 mem
233 1076 272 1107 et
293 1069 510 1107 constitutis
529 1076 568 1106 et
592 1069 768 1106 adductis
786 1069 1019 1120 legionibus,
1043 1069 1259 1119 duplicato-

110 1143 186 1180 que
214 1143 345 1168 earum
373 1131 590 1168 cohortium
610 1144 784 1176 numero,
813 1144 907 1181 quas
927 1144 1014 1167 cum
1035 1132 1083 1172 Q.
1104 1130 1257 1168 Titurio

109 1192 301 1238 amiserat,
332 1199 371 1229 et
391 1192 588 1230 celeritate
609 1200 648 1229 et
676 1193 795 1242 copiis
825 1191 971 1238 docuit,
1005 1191 1098 1242 quid
1125 1191 1258 1242 populi

111 1252 276 1291 Romani
296 1253 629 1303 disciplinamque
649 1267 741 1304 opes
761 1261 928 1304 possent.

158 1314 212 1351 ΙΙ.
267 1314 480 1352 Interfecto
502 1314 786 1362 Induciomaro,
807 1323 847 1353 ut
867 1315 1081 1361 docuimus,
1102 1315 1151 1352 ad
1170 1316 1254 1364 ejus

106 1377 342 1429 propinquos
372 1389 394 1413 a
413 1376 580 1413 Treviris
599 1376 800 1427 imperium
820 1376 1005 1414 defertur.
1061 1377 1121 1413 Illi
1141 1377 1256 1414 finiti-

105 1451 188 1476 mos
208 1438 424 1476 Germanos
443 1437 663 1483 sollicitare,
683 1445 722 1475 et
742 1438 944 1488 pecuniam
963 1438 1152 1489 polliceri,
1178 1451 1256 1475 non

106 1500 309 1537 desistunt.
356 1500 485 1541 Quum
501 1499 548 1536 ab
565 1499 749 1549 proximis
762 1499 967 1550 impetrare
986 1512 1062 1536 non
1082 1507 1254 1549 possent,

108 1561 307 1599 ulteriores
327 1567 490 1597 tentant.
543 1560 715 1597 Inventis
732 1560 922 1597 nonnullis
942 1560 1173 1605 civitatibus,
1189 1561 1252 1609 J'u-

104 1623 309 1673 rejurando
329 1622 429 1660 inter
447 1634 487 1659 se
507 1622 747 1667 confirmant,
777 1621 1048 1672 obsidibusque
1068 1621 1116 1658 de
1135 1634 1253 1671 pecu-

102 1684 165 1721 nia
185 1691 346 1722 cavent:
376 1683 642 1730 Ambiorigem
658 1683 728 1720 sibi
748 1683 934 1720 societate
950 1691 989 1719 et
1008 1682 1160 1719 foedes:
1186 1683 1252 1720 ad-

97 1747 281 1796 jungunt.
335 1745 484 1787 Quibus
513 1745 626 1782 rebus
647 1745 825 1795 cognitis,
855 1745 1009 1789 Cacsar,
1044 1758 1161 1795 quum
1182 1758 1252 1781 un-

101 1807 217 1858 dique
232 1807 374 1844 bellum
391 1806 516 1857 parari
531 1806 692 1851 videret,
710 1805 885 1851 Nervios,
902 1806 1142 1851 Aduatucos,
1164 1805 1252 1843 Me-

103 1869 250 1918 napios,
276 1868 468 1918 adjunctis
490 1867 735 1905 Cisrhenanis
756 1867 932 1904 omnibus
953 1866 1171 1913 Germanis,
1192 1881 1251 1905 es-

101 1942 143 1966 se
163 1929 200 1966 in
230 1930 357 1975 armis,
393 1929 564 1966 Senones
584 1929 632 1966 ad
664 1930 892 1980 imperatum
924 1942 1001 1966 non
1033 1931 1178 1975 venire,
1208 1936 1248 1967 et

101 2004 190 2029 cum
212 1991 445 2028 Carnutibus
465 1991 710 2041 finitimisque
730 1991 948 2028 civitatibus
968 1991 1126 2028 consilia
1146 2004 1250 2028 com-

99 2052 310 2098 municare,
331 2065 353 2089 a
373 2052 540 2089 Treviris
574 2052 788 2089 Germanos
821 2052 963 2089 crebris
995 2051 1251 2100 legationibus

100 2113 294 2151 sollicitari
312 2130 320 2157 ;
348 2114 531 2151 maturius
551 2113 620 2150 sibi
641 2114 688 2150 de
703 2113 805 2150 bello
819 2113 1067 2163 cogitandum
1088 2113 1248 2162 putavit.

152 2174 226 2210 Ill.
281 2174 429 2225 Itaque,
451 2174 619 2211 nondum
641 2173 766 2211 bieme
786 2173 978 2216 confecta,
998 2171 1182 2223 proximis
1202 2184 1250 2209 lv

98 2234 243 2272 coactis
262 2234 493 2285 legionibus,
526 2235 573 2271 do
594 2236 799 2285 improviso
827 2236 864 2271 in
891 2234 986 2271 fines
1019 2234 1249 2271 Nerviorum

98 2296 322 2341 contendit3
350 2304 389 2334 ct
408 2297 527 2347 priuS,
548 2309 662 2347 quam
682 2296 735 2333 illi
755 2303 822 2334 aut
850 2295 1056 2333 convenire
1076 2303 1142 2333 aut
1159 2308 1248 2346 pro-
