1556 2683
518 309 679 347 LIBER
733 308 842 346 VIII.
1204 311 1277 349 ‘217

131 421 262 465 petum
281 415 387 452 fecit.
441 413 573 451 Nostri
606 420 829 450 constanter
859 411 1053 449 incursum
1086 410 1280 448 sustinent

130 476 416 518 insidiatorum;
459 487 585 524 neque
604 474 733 525 plures
754 473 791 509 in
812 485 929 509 unum
949 472 1078 509 locum
1097 471 1280 510 conveni-

129 544 215 577 unt;
236 535 339 585 quod
354 535 581 585 plerumque
596 533 838 584 equestribus
858 531 1014 583 proeliis
1033 545 1149 582 quum
1165 544 1281 582 prop-

126 602 186 633 ter
204 596 371 646 aliquem
388 595 564 632 timorem
581 594 737 640 accidit,
754 601 834 631 tum
849 591 1094 631 multitudine
1111 592 1280 642 ipsorum

129 656 404 693 detrimentum
425 656 626 706 accipitur.

179 716 288 752 XIX.
343 718 486 761 Quum,
515 716 709 767 dispositis
727 715 877 761 turmis,
896 715 1059 753 invicem
1080 713 1154 752 rari
1168 726 1280 765 proe-

125 777 327 822 liarentur,
356 790 481 828 neque
501 778 548 814 ab
568 777 752 814 lateribus
772 775 1041 814 circumveniri
1060 787 1152 812 suos
1171 782 1279 825 pate-

123 845 272 883 rentur,
291 845 502 889 erumpunt
522 838 657 883 ceteri,
691 837 838 875 Correo
857 836 1072 887 proeliante
1092 848 1142 873 ex
1161 834 1278 872 silvis.

122 897 185 935 Fit
217 910 358 949 magna
388 899 637 937 contentione
671 898 863 936 diversum
895 898 1097 948 proelium.
1164 897 1280 940 Quod

123 972 242 1009 quum
263 959 408 997 diutius
427 959 508 1010 pari
529 959 659 997 Marte
679 959 853 1005 iniretur,
888 959 1084 1009 paullatim
1105 971 1155 997 ex
1174 958 1279 996 silvis

124 1020 314 1058 instructa
346 1020 551 1058 multitudo
571 1020 747 1071 procedit
775 1021 964 1071 peditum,
997 1032 1096 1071 quae
1128 1027 1280 1058 nostros

124 1082 253 1132 coegit
274 1082 414 1120 cedere
434 1081 608 1132 equites:
628 1081 768 1132 quibus
785 1081 964 1119 celeriter
978 1081 1211 1118 subveniunt
1224 1081 1278 1118 le-

120 1142 177 1180 vis
204 1151 420 1181 armaturae
439 1142 605 1192 pedites,
638 1155 733 1193 quos
752 1149 842 1179 ante
861 1142 1034 1191 legiones
1053 1142 1188 1180 missos
1207 1142 1277 1179 do·

123 1203 209 1247 cui;
229 1203 442 1254 turmisque
461 1211 678 1241 nostrorum
695 1202 910 1252 interpositi
927 1209 1149 1240 constanter
1163 1215 1277 1253 proe—

123 1263 277 1301 liantur.
311 1264 511 1314 Pugnatur
525 1263 759 1313 aliquamdiu
774 1263 856 1314 pari
875 1263 1148 1300 contentione:
1169 1262 1277 1300 dein-

120 1324 184 1371 de,
204 1332 248 1362 ut
263 1325 361 1362 ratio
375 1325 595 1376 postulabat
609 1323 760 1375 proelii,
781 1324 846 1374 qui
859 1323 1121 1361 sustinuerant
1134 1323 1278 1374 primos

120 1387 287 1437 impetus
319 1386 556 1432 insidiarum,
588 1385 664 1422 hoc
691 1385 773 1436 ipso
793 1385 891 1423 fiunt
909 1385 1139 1436 superiores,
1173 1385 1277 1436 quod

119 1446 269 1485 nullum
288 1446 336 1484 ab
364 1445 634 1484 insidiantibus
654 1445 917 1496 imprudentes
946 1452 1179 1496 acceperant
1209 1446 1277 1483 de-

121 1508 357 1546 trimentum.
394 1507 604 1545 Accedunt
622 1507 781 1558 propius
800 1506 954 1544 interim
975 1506 1148 1557 legiones
1164 1521 1173 1550 ;
1192 1519 1276 1545 cre-

120 1570 257 1620 brique
291 1569 428 1607 eodem
447 1576 623 1619 ternpore
649 1574 690 1605 et
721 1567 861 1605 nostris
881 1574 921 1605 et
938 1567 1114 1605 hostibus
1144 1567 1278 1605 nuncii

120 1632 350 1677 afferuntur,
369 1631 638 1682 imperatorem
659 1628 855 1666 instructis
874 1628 995 1679 copiis
1015 1628 1163 1666 adesse.
1189 1629 1277 1670 Qua

119 1706 161 1731 re
182 1693 352 1743 cognita,
371 1691 564 1743 praesidio
583 1690 801 1729 cohortium
821 1689 970 1735 confisi,
994 1689 1115 1727 nostri
1134 1689 1275 1727 acerri-

120 1768 183 1793 me
202 1755 454 1805 proeliantur,
473 1765 536 1798 ne,
555 1753 586 1790 si
606 1752 751 1790 tardius
770 1764 850 1788 rem
876 1750 1098 1801 gessissent,
1118 1750 1274 1788 victori-

118 1829 165 1854 ae
185 1816 346 1867 gloriam
373 1814 678 1853 communicasse
698 1826 786 1850 cum
804 1811 1022 1863 legionibus
1040 1812 1276 1849 viderentur.

120 1877 268 1915 Hostes
301 1875 512 1914 concidunt
548 1874 697 1919 animis,
731 1881 848 1924 atque
881 1873 1082 1911 itineribus
1112 1873 1275 1911 diversis

120 1938 253 1989 fugam
287 1943 490 1988 quaerunt.
544 1934 843 1986 Nequidquam:
876 1946 978 1980 nam,
1009 1933 1149 1984 quibus
1181 1933 1277 1970 diffi-

123 1999 333 2037 cultatibus
352 1997 526 2035 locorum
547 1996 742 2034 Romanos
771 1995 951 2033 claudere
982 1995 1198 2040 voluerant,
1230 1994 1276 2032 iis

121 2059 195 2112 ipsi
213 2060 456 2099 tenebantur.
523 2057 627 2095 Victi
659 2065 802 2103 tamen,
836 2056 1098 2107 perculsique,
1128 2057 1276 2106 majore

121 2128 235 2174 parte
252 2120 403 2166 amissa,
419 2132 500 2170 quo
519 2118 597 2157 fors
613 2118 767 2163 tulerat,
783 2116 1020 2155 consternati
1035 2116 1276 2168 profugiunt,

124 2181 265 2233 partim
283 2179 388 2218 silvis
413 2179 555 2232 petitis,
587 2178 726 2230 partim
754 2177 911 2215 flumine
928 2194 938 2220 ;
978 2177 1042 2228 qui
1074 2185 1204 2215 tamen
1237 2177 1276 2215 in

122 2242 219 2293 fuga
255 2255 278 2279 a
313 2241 453 2280 nostris
487 2240 629 2278 acriter
665 2239 955 2289 insequentibus
996 2238 1276 2276 conficiuntur:

125 2314 245 2352 quum
260 2301 414 2338 interim
434 2300 539 2338 nulla
553 2299 772 2337 calamitate
787 2298 911 2336 victus
927 2299 1095 2336 Correus
1109 2297 1276 2336 excede-

122 2374 167 2402 re
184 2361 347 2415 proelio,
379 2361 568 2412 silvasque
596 2367 745 2413 petere,
777 2367 844 2398 aut
861 2359 1111 2398 invitantibus
1136 2357 1274 2396 nostris

199 2423 312 2468 Tan.
338 2422 371 2460 Ι.
706 2419 739 2456 Ε
764 2432 788 2458 e
