1556 2683
546 227 711 265 LIBER
765 228 833 266 VI.
1015 271 1018 274 ,
1197 234 1272 272 149

122 331 347 382 eonscripti,
366 337 483 382 atque
503 344 593 368 usus
613 332 786 369 militaris
806 332 987 383 imperiti,
1007 332 1054 370 ad
1075 332 1272 371 tribunum

123 394 286 432 rnilitum
312 393 634 443 centurionesque
658 406 725 431 ora
744 401 997 431 convertunt:
1031 394 1124 445 quid
1143 395 1190 432 ab
1213 395 1271 433 his

121 455 394 506 praecipiatur,
415 462 655 504 exspectant.
711 454 835 492 Nemo
855 462 912 492 cst
932 463 1007 492 tam
1031 455 1153 502 fortis,
1179 456 1271 507 quin

122 515 177 553 rei
199 516 368 553 novitate
388 516 647 566 perturbetur.
702 515 874 561 Barbari,
894 515 1003 565 signa
1021 517 1157 566 procul
1178 529 1271 554 con-

120 577 271 626 spicati,
291 576 580 627 oppugnatione
601 576 814 614 desistunt:
842 576 986 614 redisse
1006 577 1129 627 primo
1149 577 1271 627 legio-

118 650 187 676 nes
207 639 386 683 credunt,
401 650 495 688 quas
514 638 666 688 longius
682 638 915 684 discessisse,
932 652 981 676 cx
998 638 1159 689 captivis
1179 652 1271 690 cog-

120 707 323 744 noverant;
336 707 484 750 postea,
502 699 685 749 despecta
700 698 910 750 paucitate,
931 711 980 736 ex
996 699 1171 737 omnibus
1186 712 1271 750 par-

120 760 224 798 tibus
244 761 431 811 impetum
451 760 613 797 faciunt.

172 821 257 858 XL.
312 822 477 860 Calones
497 822 534 858 in
555 822 773 872 proximum
794 822 982 860 tumulum
1010 830 1245 872 procurrunt
1259 837 1272 861 ε

118 883 211 921 hinc
231 884 411 922 celeriter
424 883 580 933 dejecti,
600 896 641 920 se
662 884 699 920 in
715 884 825 934 signa
844 884 1135 935 manipulosque
1151 885 1272 935 conji-

118 944 224 982 ciunt
241 959 250 981 ε
270 958 317 983 eo
337 945 458 995 magis
478 944 632 982 timidos
652 952 870 995 perterrent
883 945 1037 983 milites.
1093 946 1184 992 Alii,
1202 959 1269 984 cu-

116 1018 190 1043 neo
210 1005 328 1052 facto,
350 1013 392 1043 ut
411 1006 590 1044 celeriter
606 1012 871 1056 perrumpant,
892 1014 1066 1053 censent,
1089 1007 1271 1058 quoniam

116 1076 194 1106 tam
215 1069 430 1119 propinqua
449 1068 525 1105 sint
544 1075 691 1111 castra;
722 1074 774 1113 et,
794 1067 824 1104 si
853 1080 940 1118 pars
959 1068 1086 1118 aliqua
1104 1069 1270 1107 circum-

116 1137 232 1167 venta
251 1130 452 1176 ceciderit,
480 1137 520 1166 at
539 1128 706 1179 reliquos
725 1128 867 1165 servari
886 1141 1012 1179 posse,
1044 1129 1245 1168 confidunt
1261 1146 1271 1168 :

116 1191 194 1237 alii,
214 1198 256 1228 ut
276 1191 314 1228 in
330 1192 426 1241 jugo
442 1191 667 1235 consistant,
683 1196 800 1240 atque
814 1189 980 1227 eundem
995 1203 1128 1228 omnes
1143 1191 1271 1230 ferant

117 1265 262 1290 casum.
317 1252 408 1289 Hoc
437 1259 587 1289 veteres
616 1264 693 1288 non
712 1251 880 1301 probant
900 1251 1052 1296 milites,
1085 1265 1180 1302 quos
1199 1254 1270 1291 sub

115 1314 259 1352 vexillo
290 1327 366 1351 una
393 1313 588 1364 profectos
621 1312 847 1349 docuimus:
877 1312 1007 1363 itaque
1026 1313 1125 1351 inter
1144 1327 1184 1351 se
1205 1328 1271 1352 co-

118 1374 276 1420 hortati,
308 1375 407 1412 duce
442 1374 486 1412 C.
507 1373 717 1418 Trebonio,
751 1373 882 1423 equite
908 1373 1098 1420 Romano,
1132 1376 1196 1426 qui
1217 1375 1272 1413 eis

115 1442 200 1473 erat
218 1435 474 1486 praepositus,
500 1448 570 1486 per
588 1434 736 1472 medios
756 1435 888 1472 hostes
916 1444 1183 1486 perrumpunt,
1213 1437 1272 1474 in-

116 1496 366 1548 columesque
400 1497 449 1534 ad
479 1510 598 1533 unum
630 1508 762 1533 omnes
796 1495 833 1532 in
867 1505 992 1534 castra
1028 1498 1269 1547 perveniunt.

116 1557 203 1596 Hos
230 1558 442 1604 subsecuti,
477 1558 631 1595 calones
663 1557 905 1607 equitesque,
938 1557 1075 1595 eodem
1108 1558 1271 1609 impetu,

115 1619 281 1657 militum
300 1620 442 1657 virtute
462 1626 674 1657 servantur.
743 1619 800 1655 At
818 1618 858 1664 ii,
879 1618 943 1669 qui
958 1619 995 1655 in
1011 1620 1107 1669 jugo
1128 1621 1271 1658 consti-

114 1688 256 1725 terant,
271 1682 376 1719 nullo
392 1681 507 1719 etiam
525 1693 628 1718 nunc
643 1693 715 1717 usu
730 1680 784 1717 rei
798 1680 971 1717 militaris
983 1689 1182 1731 percepto,
1204 1695 1270 1719 ne-

118 1755 194 1792 que
213 1742 252 1779 in
273 1756 333 1789 eo,
354 1743 458 1794 quod
477 1743 750 1793 probaverant,
787 1741 946 1779 consilio
965 1754 1207 1792 permanere,
1228 1751 1271 1780 ut

116 1816 158 1841 se
177 1804 265 1842 loco
284 1804 483 1855 superiore
499 1803 768 1849 defenderent,
789 1816 916 1853 neque
936 1816 1034 1849 eam,
1048 1816 1161 1854 quam
1182 1818 1271 1855 pro-

116 1865 234 1904 fuisse
255 1866 336 1903 aliis
355 1866 431 1902 vim
451 1865 768 1916 celeritatemque
788 1865 978 1910 viderant,
1000 1865 1139 1902 imitari
1157 1874 1270 1917 potu·-

114 1936 254 1971 erunt3
284 1928 365 1971 sed,
395 1940 436 1964 se
455 1928 492 1964 in
514 1933 639 1964 castra
667 1926 839 1977 recipere
861 1926 1004 1972 conati,
1038 1926 1211 1977 iniquum
1231 1927 1271 1964 in

114 1988 244 2026 locum
259 1989 504 2026 demiserant.
560 1987 832 2034 Centuriones,
849 2001 1010 2038 quorum
1026 1988 1200 2025 nonnulli
1220 2002 1269 2027 ex

113 2048 357 2087 inferioribus
387 2049 586 2087 ordinibus
615 2048 850 2100 reliquarum
874 2049 1085 2100 legionum,
1118 2050 1270 2088 virtutis

115 2123 265 2156 caussa,
295 2111 334 2147 in
364 2111 581 2162 superiores
614 2118 725 2147 erant
762 2111 917 2148 ordines
955 2111 1068 2160 hujus
1104 2111 1270 2160 legionis

116 2172 347 2218 transducti,
368 2186 416 2210 ne
436 2179 526 2210 ante
545 2179 693 2222 partam
714 2172 769 2209 rei
788 2173 963 2210 militaris
982 2172 1135 2210 laudem
1159 2173 1269 2210 amit-

115 2239 258 2279 terent,
291 2233 497 2271 fortissime
525 2241 743 2284 pugnantes
773 2234 1043 2272 conciderunt.
1100 2233 1269 2271 Militum

115 2305 216 2345 pars,
244 2294 382 2333 horum
402 2295 541 2333 virtute
561 2295 749 2333 submotis
769 2295 958 2342 hostibus,
989 2302 1143 2347 praeter
1161 2306 1269 2346 spem
