<?xml version="1.0" encoding="UTF-8"?>
<!DOCTYPE html PUBLIC "-//W3C//DTD XHTML 1.0 Transitional//EN"
    "http://www.w3.org/TR/xhtml1/DTD/xhtml1-transitional.dtd">
<html xmlns="http://www.w3.org/1999/xhtml" xml:lang="en" lang="en">
 <head>
  <title>
</title>
<meta http-equiv="Content-Type" content="text/html;charset=utf-8" />
  <meta name='ocr-system' content='tesseract 3.04.00' />
  <meta name='ocr-capabilities' content='ocr_page ocr_carea ocr_par ocr_line ocrx_word'/>
</head>
<body>
  <div class='ocr_page' id='page_1' title='image "./debellogallicoet01caesuoft_0011.png"; bbox 0 0 1576 2693; ppageno 0'>
   <div class='ocr_carea' id='block_1_1' title="bbox 364 454 1211 658">
    <p class='ocr_par' dir='ltr' id='par_1_1' title="bbox 364 454 1211 658">
     <span class='ocr_line' id='line_1_1' title="bbox 533 454 1040 516; baseline 0.002 -2"><span class='ocrx_word' id='word_1_1' title='bbox 533 454 1040 516; x_wconf 86' lang='lat' dir='ltr'><strong>PRAEFATIO</strong></span> 
     </span>
     <span class='ocr_line' id='line_1_2' title="bbox 364 597 1211 658; baseline -0.001 -6"><span class='ocrx_word' id='word_1_2' title='bbox 364 597 701 657; x_wconf 81' lang='lat' dir='ltr'><em>PRIORIS</em></span> <span class='ocrx_word' id='word_1_3' title='bbox 760 600 1211 658; x_wconf 41' lang='lat' dir='ltr'><strong><em>EDITIONISJ</em></strong></span> 
     </span>
    </p>
   </div>
   <div class='ocr_carea' id='block_1_2' title="bbox 201 861 1369 2394">
    <p class='ocr_par' dir='ltr' id='par_1_2' title="bbox 201 861 1369 2162">
     <span class='ocr_line' id='line_1_3' title="bbox 205 861 1365 943; baseline -0.001 -17"><span class='ocrx_word' id='word_1_4' title='bbox 205 861 239 921; x_wconf 74' lang='grc' dir='ltr'>Ι</span> <span class='ocrx_word' id='word_1_5' title='bbox 243 887 280 925; x_wconf 87' lang='lat' dir='ltr'>N</span> <span class='ocrx_word' id='word_1_6' title='bbox 301 888 474 928; x_wconf 80' lang='lat' dir='ltr'>Caesaris</span> <span class='ocrx_word' id='word_1_7' title='bbox 489 890 686 943; x_wconf 89' lang='lat' dir='ltr'>Hirtiique</span> <span class='ocrx_word' id='word_1_8' title='bbox 704 891 1000 930; x_wconf 80' lang='lat' dir='ltr'>Commentariis</span> <span class='ocrx_word' id='word_1_9' title='bbox 1019 886 1365 940; x_wconf 55' lang='lat' dir='ltr'>recognoscendi&amp;</span> 
     </span>
     <span class='ocr_line' id='line_1_4' title="bbox 213 948 1366 1001; baseline -0.003 -14"><span class='ocrx_word' id='word_1_10' title='bbox 213 949 434 989; x_wconf 85' lang='lat' dir='ltr'>Editionem</span> <span class='ocrx_word' id='word_1_11' title='bbox 468 953 678 1001; x_wconf 74' lang='lat' dir='ltr'>doctissimi</span> <span class='ocrx_word' id='word_1_12' title='bbox 711 953 905 991; x_wconf 86' lang='lat' dir='ltr'>Francisci</span> <span class='ocrx_word' id='word_1_13' title='bbox 943 948 1224 999; x_wconf 82' lang='lat' dir='ltr'>Oudendorpii,</span> <span class='ocrx_word' id='word_1_14' title='bbox 1264 956 1366 999; x_wconf 84' lang='lat' dir='ltr'>quae·</span> 
     </span>
     <span class='ocr_line' id='line_1_5' title="bbox 211 1009 1362 1062; baseline -0.003 -14"><span class='ocrx_word' id='word_1_15' title='bbox 211 1011 340 1062; x_wconf 85' lang='lat' dir='ltr'>Lugd.</span> <span class='ocrx_word' id='word_1_16' title='bbox 360 1013 493 1051; x_wconf 86' lang='lat' dir='ltr'>Batav.</span> <span class='ocrx_word' id='word_1_17' title='bbox 507 1027 610 1051; x_wconf 88' lang='lat' dir='ltr'>anno</span> <span class='ocrx_word' id='word_1_18' title='bbox 628 1016 725 1054; x_wconf 79' lang='lat'><strong>1737</strong></span> <span class='ocrx_word' id='word_1_19' title='bbox 741 1014 780 1050; x_wconf 88' lang='lat' dir='ltr'>in</span> <span class='ocrx_word' id='word_1_20' title='bbox 795 1014 922 1051; x_wconf 88' lang='lat' dir='ltr'>lucem</span> <span class='ocrx_word' id='word_1_21' title='bbox 938 1012 1094 1062; x_wconf 84' lang='lat' dir='ltr'>prodiit,</span> <span class='ocrx_word' id='word_1_22' title='bbox 1114 1011 1151 1048; x_wconf 89' lang='lat' dir='ltr'>in</span> <span class='ocrx_word' id='word_1_23' title='bbox 1166 1009 1362 1061; x_wconf 84' lang='lat' dir='ltr'>plerisque</span> 
     </span>
     <span class='ocr_line' id='line_1_6' title="bbox 210 1070 1366 1125; baseline -0.003 -16"><span class='ocrx_word' id='word_1_24' title='bbox 210 1073 387 1111; x_wconf 84' lang='lat' dir='ltr'>omnibus</span> <span class='ocrx_word' id='word_1_25' title='bbox 410 1074 536 1112; x_wconf 86' lang='lat' dir='ltr'>secuti</span> <span class='ocrx_word' id='word_1_26' title='bbox 564 1087 706 1112; x_wconf 86' lang='lat' dir='ltr'>sumus.</span> <span class='ocrx_word' id='word_1_27' title='bbox 771 1075 819 1111; x_wconf 88' lang='lat' dir='ltr'>In</span> <span class='ocrx_word' id='word_1_28' title='bbox 848 1073 1075 1125; x_wconf 85' lang='lat' dir='ltr'>quibusdam</span> <span class='ocrx_word' id='word_1_29' title='bbox 1095 1079 1225 1109; x_wconf 86' lang='lat' dir='ltr'>tamen</span> <span class='ocrx_word' id='word_1_30' title='bbox 1253 1070 1366 1114; x_wconf 86' lang='lat' dir='ltr'>loeis,-</span> 
     </span>
     <span class='ocr_line' id='line_1_7' title="bbox 201 1131 1365 1186; baseline -0.003 -15"><span class='ocrx_word' id='word_1_31' title='bbox 201 1133 448 1183; x_wconf 70' lang='lat' dir='ltr'>paucissimis</span> <span class='ocrx_word' id='word_1_32' title='bbox 467 1135 540 1172; x_wconf 87' lang='lat' dir='ltr'>illis</span> <span class='ocrx_word' id='word_1_33' title='bbox 560 1135 730 1186; x_wconf 86' lang='lat' dir='ltr'>quidem,</span> <span class='ocrx_word' id='word_1_34' title='bbox 768 1136 832 1172; x_wconf 90' lang='lat' dir='ltr'>ubi</span> <span class='ocrx_word' id='word_1_35' title='bbox 852 1134 922 1172; x_wconf 89' lang='lat' dir='ltr'>viri</span> <span class='ocrx_word' id='word_1_36' title='bbox 942 1132 1155 1171; x_wconf 82' lang='lat' dir='ltr'>doctissimi</span> <span class='ocrx_word' id='word_1_37' title='bbox 1183 1131 1365 1169; x_wconf 82' lang='lat' dir='ltr'>emenda-</span> 
     </span>
     <span class='ocr_line' id='line_1_8' title="bbox 209 1190 1365 1238; baseline -0.004 -7"><span class='ocrx_word' id='word_1_38' title='bbox 209 1194 263 1231; x_wconf 89' lang='lat' dir='ltr'>tio</span> <span class='ocrx_word' id='word_1_39' title='bbox 292 1194 444 1232; x_wconf 82' lang='lat' dir='ltr'>levioris</span> <span class='ocrx_word' id='word_1_40' title='bbox 464 1203 530 1234; x_wconf 86' lang='lat' dir='ltr'>aut</span> <span class='ocrx_word' id='word_1_41' title='bbox 550 1195 690 1233; x_wconf 83' lang='lat' dir='ltr'>nullius</span> <span class='ocrx_word' id='word_1_42' title='bbox 709 1194 893 1233; x_wconf 84' lang='lat' dir='ltr'>momenti</span> <span class='ocrx_word' id='word_1_43' title='bbox 913 1193 1123 1238; x_wconf 83' lang='lat' dir='ltr'>videretur,</span> <span class='ocrx_word' id='word_1_44' title='bbox 1156 1190 1365 1228; x_wconf 79' lang='lat' dir='ltr'>lectionem</span> 
     </span>
     <span class='ocr_line' id='line_1_9' title="bbox 208 1252 1364 1307; baseline -0.003 -16"><span class='ocrx_word' id='word_1_45' title='bbox 208 1256 402 1306; x_wconf 84' lang='lat' dir='ltr'>vulgatam</span> <span class='ocrx_word' id='word_1_46' title='bbox 422 1256 643 1294; x_wconf 79' lang='lat' dir='ltr'><strong>retinemus.</strong></span> <span class='ocrx_word' id='word_1_47' title='bbox 696 1257 743 1294; x_wconf 88' lang='lat' dir='ltr'>In</span> <span class='ocrx_word' id='word_1_48' title='bbox 763 1255 938 1307; x_wconf 80' lang='lat' dir='ltr'>pauculis</span> <span class='ocrx_word' id='word_1_49' title='bbox 952 1254 1049 1299; x_wconf 83' lang='lat' dir='ltr'>aliis,</span> <span class='ocrx_word' id='word_1_50' title='bbox 1068 1252 1276 1290; x_wconf 83' lang='lat' dir='ltr'>lectionem</span> <span class='ocrx_word' id='word_1_51' title='bbox 1297 1264 1364 1288; x_wconf 87' lang='lat' dir='ltr'>co-</span> 
     </span>
     <span class='ocr_line' id='line_1_10' title="bbox 210 1312 1364 1369; baseline -0.005 -15"><span class='ocrx_word' id='word_1_52' title='bbox 210 1317 337 1354; x_wconf 80' lang='lat' dir='ltr'>dicum</span> <span class='ocrx_word' id='word_1_53' title='bbox 358 1318 603 1368; x_wconf 77' lang='lat' dir='ltr'>scriptorum,</span> <span class='ocrx_word' id='word_1_54' title='bbox 624 1317 925 1369; x_wconf 48' lang='lat' dir='ltr'>quamXeditor-es</span> <span class='ocrx_word' id='word_1_55' title='bbox 945 1313 1191 1355; x_wconf 79' lang='lat' dir='ltr'>eruditissimi</span> <span class='ocrx_word' id='word_1_56' title='bbox 1211 1326 1261 1351; x_wconf 90' lang='lat' dir='ltr'>ex</span> <span class='ocrx_word' id='word_1_57' title='bbox 1281 1312 1364 1354; x_wconf 78' lang='lat' dir='ltr'>sola</span> 
     </span>
     <span class='ocr_line' id='line_1_11' title="bbox 210 1374 1368 1427; baseline -0.004 -12"><span class='ocrx_word' id='word_1_58' title='bbox 210 1379 449 1427; x_wconf 81' lang='lat' dir='ltr'>conjectura,</span> <span class='ocrx_word' id='word_1_59' title='bbox 481 1386 521 1416; x_wconf 85' lang='lat' dir='ltr'>et</span> <span class='ocrx_word' id='word_1_60' title='bbox 546 1377 630 1416; x_wconf 67' lang='lat' dir='ltr'>siffle</span> <span class='ocrx_word' id='word_1_61' title='bbox 663 1378 804 1416; x_wconf 86' lang='lat' dir='ltr'>idonea</span> <span class='ocrx_word' id='word_1_62' title='bbox 822 1378 984 1422; x_wconf 86' lang='lat' dir='ltr'>ratione,</span> <span class='ocrx_word' id='word_1_63' title='bbox 1004 1375 1172 1412; x_wconf 64' lang='lat' dir='ltr'>mutasse</span> <span class='ocrx_word' id='word_1_64' title='bbox 1190 1374 1368 1411; x_wconf 83' lang='lat' dir='ltr'>videren-</span> 
     </span>
     <span class='ocr_line' id='line_1_12' title="bbox 208 1431 1366 1486; baseline -0.004 -11"><span class='ocrx_word' id='word_1_65' title='bbox 208 1446 285 1482; x_wconf 82' lang='lat' dir='ltr'>tur,</span> <span class='ocrx_word' id='word_1_66' title='bbox 304 1439 343 1475; x_wconf 86' lang='lat' dir='ltr'>in</span> <span class='ocrx_word' id='word_1_67' title='bbox 364 1438 505 1486; x_wconf 54' lang='lat' dir='ltr'>conteri</span> <span class='ocrx_word' id='word_1_68' title='bbox 555 1453 591 1477; x_wconf 91' lang='lat' dir='ltr'>m</span> <span class='ocrx_word' id='word_1_69' title='bbox 611 1431 861 1477; x_wconf 43' lang='lat' dir='ltr'>restituimus*</span> <span class='ocrx_word' id='word_1_70' title='bbox 915 1437 1056 1474; x_wconf 79' lang='lat' dir='ltr'>Parum</span> <span class='ocrx_word' id='word_1_71' title='bbox 1084 1435 1130 1472; x_wconf 87' lang='lat' dir='ltr'>E.</span> <span class='ocrx_word' id='word_1_72' title='bbox 1147 1435 1200 1472; x_wconf 90' lang='lat' dir='ltr'>G.</span> <span class='ocrx_word' id='word_1_73' title='bbox 1221 1434 1366 1472; x_wconf 82' lang='lat' dir='ltr'>referre</span> 
     </span>
     <span class='ocr_line' id='line_1_13' title="bbox 208 1494 1364 1552; baseline -0.003 -17"><span class='ocrx_word' id='word_1_74' title='bbox 208 1499 374 1544; x_wconf 80' lang='lat' dir='ltr'>videtur,</span> <span class='ocrx_word' id='word_1_75' title='bbox 399 1494 493 1537; x_wconf 71' lang='lat' dir='ltr'>utru&#39;</span> <span class='ocrx_word' id='word_1_76' title='bbox 600 1511 743 1552; x_wconf 76' lang='lat' dir='ltr'>speram</span> <span class='ocrx_word' id='word_1_77' title='bbox 761 1513 852 1550; x_wconf 35' lang='lat' dir='ltr'>,cum</span> <span class='ocrx_word' id='word_1_78' title='bbox 872 1498 960 1535; x_wconf 86' lang='lat' dir='ltr'>viris</span> <span class='ocrx_word' id='word_1_79' title='bbox 981 1496 1226 1540; x_wconf 84' lang='lat' dir='ltr'>doctissimis,</span> <span class='ocrx_word' id='word_1_80' title='bbox 1255 1495 1364 1533; x_wconf 83' lang='lat' dir='ltr'>Clar-</span> 
     </span>
     <span class='ocr_line' id='line_1_14' title="bbox 211 1558 1367 1613; baseline -0.003 -18"><span class='ocrx_word' id='word_1_81' title='bbox 211 1558 289 1604; x_wconf 86' lang='lat' dir='ltr'>kio,</span> <span class='ocrx_word' id='word_1_82' title='bbox 322 1559 609 1606; x_wconf 70' lang='lat' dir='ltr'>Ruddimanm,</span> <span class='ocrx_word' id='word_1_83' title='bbox 647 1560 1039 1613; x_wconf 71' lang='lat' dir='ltr'>aliisque,&#39;²legan1uS‚</span> <span class='ocrx_word' id='word_1_84' title='bbox 1084 1569 1134 1595; x_wconf 81' lang='lat' dir='ltr'>an</span> <span class='ocrx_word' id='word_1_85' title='bbox 1165 1569 1367 1607; x_wconf 70' lang='lat' dir='ltr'>vesperum,</span> 
     </span>
     <span class='ocr_line' id='line_1_15' title="bbox 212 1611 1367 1671; baseline -0.003 -14"><span class='ocrx_word' id='word_1_86' title='bbox 212 1629 326 1670; x_wconf 88' lang='lat' dir='ltr'>prout</span> <span class='ocrx_word' id='word_1_87' title='bbox 345 1633 496 1671; x_wconf 81' lang='lat' dir='ltr'>semper</span> <span class='ocrx_word' id='word_1_88' title='bbox 510 1611 637 1659; x_wconf 51' lang='lat' dir='ltr'>&#39;&#39;edidit</span> <span class='ocrx_word' id='word_1_89' title='bbox 653 1621 964 1671; x_wconf 84' lang='lat' dir='ltr'>Oudendorpius.</span> <span class='ocrx_word' id='word_1_90' title='bbox 1002 1620 1046 1656; x_wconf 91' lang='lat' dir='ltr'>ln</span> <span class='ocrx_word' id='word_1_91' title='bbox 1061 1619 1147 1656; x_wconf 89' lang='lat' dir='ltr'>Lib.</span> <span class='ocrx_word' id='word_1_92' title='bbox 1164 1618 1195 1654; x_wconf 95' lang='grc' dir='ltr'>Ι.</span> <span class='ocrx_word' id='word_1_93' title='bbox 1211 1618 1260 1654; x_wconf 86' lang='lat' dir='ltr'>de</span> <span class='ocrx_word' id='word_1_94' title='bbox 1277 1617 1367 1654; x_wconf 86' lang='lat' dir='ltr'>Bel-</span> 
     </span>
     <span class='ocr_line' id='line_1_16' title="bbox 210 1679 1366 1732; baseline -0.003 -13"><span class='ocrx_word' id='word_1_95' title='bbox 210 1682 248 1719; x_wconf 87' lang='lat' dir='ltr'>lo</span> <span class='ocrx_word' id='word_1_96' title='bbox 260 1682 389 1727; x_wconf 84' lang='lat' dir='ltr'>Civili,</span> <span class='ocrx_word' id='word_1_97' title='bbox 405 1695 440 1720; x_wconf 83' lang='lat' dir='ltr'>c.</span> <span class='ocrx_word' id='word_1_98' title='bbox 455 1684 517 1722; x_wconf 73' lang='lat'>79.</span> <span class='ocrx_word' id='word_1_99' title='bbox 534 1682 597 1719; x_wconf 90' lang='lat' dir='ltr'>ubi</span> <span class='ocrx_word' id='word_1_100' title='bbox 612 1682 925 1732; x_wconf 81' lang='lat' dir='ltr'>Oudendorpius,</span> <span class='ocrx_word' id='word_1_101' title='bbox 946 1693 1035 1718; x_wconf 84' lang='lat' dir='ltr'>cum</span> <span class='ocrx_word' id='word_1_102' title='bbox 1050 1680 1132 1719; x_wconf 87' lang='lat' dir='ltr'>Jos.</span> <span class='ocrx_word' id='word_1_103' title='bbox 1150 1679 1366 1729; x_wconf 82' lang='lat' dir='ltr'>Scaligero,</span> 
     </span>
     <span class='ocr_line' id='line_1_17' title="bbox 209 1740 1368 1794; baseline -0.003 -14"><span class='ocrx_word' id='word_1_104' title='bbox 209 1742 382 1789; x_wconf 84' lang='lat' dir='ltr'>Davisio,</span> <span class='ocrx_word' id='word_1_105' title='bbox 401 1750 441 1780; x_wconf 88' lang='lat' dir='ltr'>et</span> <span class='ocrx_word' id='word_1_106' title='bbox 459 1742 633 1788; x_wconf 84' lang='lat' dir='ltr'>Clarkio,</span> <span class='ocrx_word' id='word_1_107' title='bbox 653 1742 813 1794; x_wconf 74' lang='lat' dir='ltr'>pluries,</span> <span class='ocrx_word' id='word_1_108' title='bbox 846 1742 1021 1779; x_wconf 77' lang='lat' dir='ltr'>incertae</span> <span class='ocrx_word' id='word_1_109' title='bbox 1040 1740 1282 1779; x_wconf 86' lang='lat' dir='ltr'>auctoritatis</span> <span class='ocrx_word' id='word_1_110' title='bbox 1301 1753 1368 1776; x_wconf 91' lang='lat' dir='ltr'>vo-</span> 
     </span>
     <span class='ocr_line' id='line_1_18' title="bbox 210 1802 1368 1854; baseline -0.003 -13"><span class='ocrx_word' id='word_1_111' title='bbox 210 1804 404 1850; x_wconf 85' lang='lat' dir='ltr'>cabulum,</span> <span class='ocrx_word' id='word_1_112' title='bbox 440 1817 489 1841; x_wconf 85' lang='lat' dir='ltr'>ex</span> <span class='ocrx_word' id='word_1_113' title='bbox 511 1804 708 1842; x_wconf 83' lang='lat' dir='ltr'>Ciacconii</span> <span class='ocrx_word' id='word_1_114' title='bbox 739 1805 967 1854; x_wconf 82' lang='lat' dir='ltr'>conjectura</span> <span class='ocrx_word' id='word_1_115' title='bbox 993 1802 1031 1839; x_wconf 92' lang='lat' dir='ltr'>in</span> <span class='ocrx_word' id='word_1_116' title='bbox 1048 1810 1280 1840; x_wconf 16' lang='lat' dir='ltr'>&#39;contextum</span> <span class='ocrx_word' id='word_1_117' title='bbox 1308 1814 1368 1838; x_wconf 84' lang='lat' dir='ltr'>re-</span> 
     </span>
     <span class='ocr_line' id='line_1_19' title="bbox 203 1863 1369 1916; baseline -0.003 -13"><span class='ocrx_word' id='word_1_118' title='bbox 203 1873 383 1916; x_wconf 82' lang='lat' dir='ltr'>-ceperat,</span> <span class='ocrx_word' id='word_1_119' title='bbox 411 1879 499 1903; x_wconf 88' lang='lat' dir='ltr'>cum</span> <span class='ocrx_word' id='word_1_120' title='bbox 521 1866 794 1903; x_wconf 83' lang='lat' dir='ltr'>Ruddimanno</span> <span class='ocrx_word' id='word_1_121' title='bbox 814 1865 1054 1916; x_wconf 83' lang='lat' dir='ltr'>reposuimus</span> <span class='ocrx_word' id='word_1_122' title='bbox 1075 1863 1219 1915; x_wconf 78' lang='lat' dir='ltr'>plures,</span> <span class='ocrx_word' id='word_1_123' title='bbox 1252 1876 1369 1914; x_wconf 85' lang='lat' dir='ltr'>quam</span> 
     </span>
     <span class='ocr_line' id='line_1_20' title="bbox 208 1924 1367 1976; baseline -0.002 -13"><span class='ocrx_word' id='word_1_124' title='bbox 208 1927 418 1965; x_wconf 89' lang='lat' dir='ltr'>lectionem</span> <span class='ocrx_word' id='word_1_125' title='bbox 447 1940 579 1965; x_wconf 87' lang='lat' dir='ltr'>omnes</span> <span class='ocrx_word' id='word_1_126' title='bbox 599 1927 769 1964; x_wconf 89' lang='lat' dir='ltr'>omnium</span> <span class='ocrx_word' id='word_1_127' title='bbox 801 1926 888 1964; x_wconf 87' lang='lat' dir='ltr'>libri</span> <span class='ocrx_word' id='word_1_128' title='bbox 919 1926 1054 1976; x_wconf 83' lang='lat' dir='ltr'>scripti</span> <span class='ocrx_word' id='word_1_129' title='bbox 1068 1933 1244 1963; x_wconf 69' lang='lat' dir='ltr'>tuentur.</span> <span class='ocrx_word' id='word_1_130' title='bbox 1301 1924 1367 1962; x_wconf 89' lang='lat' dir='ltr'>Sic</span> 
     </span>
     <span class='ocr_line' id='line_1_21' title="bbox 210 1986 1367 2038; baseline -0.003 -12"><span class='ocrx_word' id='word_1_131' title='bbox 210 1988 312 2026; x_wconf 86' lang='lat' dir='ltr'>enim</span> <span class='ocrx_word' id='word_1_132' title='bbox 333 1988 441 2026; x_wconf 82' lang='lat' dir='ltr'>MSS</span> <span class='ocrx_word' id='word_1_133' title='bbox 474 2001 608 2026; x_wconf 86' lang='lat' dir='ltr'>omnes</span> <span class='ocrx_word' id='word_1_134' title='bbox 632 1988 847 2026; x_wconf 75' lang='lat' dir='ltr'>exhibent:</span> <span class='ocrx_word' id='word_1_135' title='bbox 888 1992 913 2010; x_wconf 89' lang='lat'><strong>“</strong></span> <span class='ocrx_word' id='word_1_136' title='bbox 934 1987 1152 2038; x_wconf 78' lang='lat' dir='ltr'>Expeditae</span> <span class='ocrx_word' id='word_1_137' title='bbox 1184 1986 1367 2024; x_wconf 85' lang='lat' dir='ltr'>cohortes</span> 
     </span>
     <span class='ocr_line' id='line_1_22' title="bbox 212 2047 1367 2101; baseline -0.001 -15"><span class='ocrx_word' id='word_1_138' title='bbox 212 2055 239 2073; x_wconf 88' lang='lat'><strong>“</strong></span> <span class='ocrx_word' id='word_1_139' title='bbox 259 2049 507 2087; x_wconf 86' lang='lat' dir='ltr'>novissimum</span> <span class='ocrx_word' id='word_1_140' title='bbox 537 2062 676 2100; x_wconf 83' lang='lat' dir='ltr'>agmen</span> <span class='ocrx_word' id='word_1_141' title='bbox 708 2049 953 2095; x_wconf 82' lang='lat' dir='ltr'>claudebant,</span> <span class='ocrx_word' id='word_1_142' title='bbox 976 2048 1182 2101; x_wconf 73' lang='lat' dir='ltr'>pluresque</span> <span class='ocrx_word' id='word_1_143' title='bbox 1203 2047 1242 2084; x_wconf 92' lang='lat' dir='ltr'>in</span> <span class='ocrx_word' id='word_1_144' title='bbox 1271 2047 1367 2086; x_wconf 88' lang='lat' dir='ltr'>locis</span> 
     </span>
     <span class='ocr_line' id='line_1_23' title="bbox 213 2111 862 2162; baseline -0.005 -12"><span class='ocrx_word' id='word_1_145' title='bbox 213 2116 239 2134; x_wconf 77' lang='lat'>‘⁴</span> <span class='ocrx_word' id='word_1_146' title='bbox 260 2112 541 2162; x_wconf 85' lang='lat' dir='ltr'>campestribus</span> <span class='ocrx_word' id='word_1_147' title='bbox 559 2111 862 2148; x_wconf 83' lang='lat' dir='ltr'>subsistebant.”</span> 
     </span>
    </p>

    <p class='ocr_par' dir='ltr' id='par_1_3' title="bbox 208 2170 1368 2346">
     <span class='ocr_line' id='line_1_24' title="bbox 262 2170 1368 2224; baseline -0.003 -14"><span class='ocrx_word' id='word_1_148' title='bbox 262 2173 394 2224; x_wconf 90' lang='lat' dir='ltr'>Hujus</span> <span class='ocrx_word' id='word_1_149' title='bbox 421 2172 512 2219; x_wconf 90' lang='lat' dir='ltr'>loci,</span> <span class='ocrx_word' id='word_1_150' title='bbox 540 2185 592 2210; x_wconf 85' lang='lat' dir='ltr'>ex</span> <span class='ocrx_word' id='word_1_151' title='bbox 626 2185 704 2224; x_wconf 87' lang='lat' dir='ltr'>quo</span> <span class='ocrx_word' id='word_1_152' title='bbox 734 2172 913 2209; x_wconf 79' lang='lat' dir='ltr'>Davisius</span> <span class='ocrx_word' id='word_1_153' title='bbox 943 2171 1094 2209; x_wconf 82' lang='lat' dir='ltr'>nullum</span> <span class='ocrx_word' id='word_1_154' title='bbox 1123 2183 1280 2209; x_wconf 84' lang='lat' dir='ltr'>sensum</span> <span class='ocrx_word' id='word_1_155' title='bbox 1311 2170 1368 2207; x_wconf 89' lang='lat' dir='ltr'>rei</span> 
     </span>
     <span class='ocr_line' id='line_1_25' title="bbox 211 2232 1367 2285; baseline -0.003 -13"><span class='ocrx_word' id='word_1_156' title='bbox 211 2247 427 2285; x_wconf 84' lang='lat' dir='ltr'>congruum</span> <span class='ocrx_word' id='word_1_157' title='bbox 447 2234 623 2285; x_wconf 88' lang='lat' dir='ltr'>exsculpi</span> <span class='ocrx_word' id='word_1_158' title='bbox 640 2246 749 2285; x_wconf 86' lang='lat' dir='ltr'>posse</span> <span class='ocrx_word' id='word_1_159' title='bbox 769 2233 979 2279; x_wconf 81' lang='lat' dir='ltr'>existimat,</span> <span class='ocrx_word' id='word_1_160' title='bbox 998 2233 1096 2271; x_wconf 82' lang='lat' dir='ltr'>haec</span> <span class='ocrx_word' id='word_1_161' title='bbox 1111 2232 1263 2270; x_wconf 88' lang='lat' dir='ltr'>videtur</span> <span class='ocrx_word' id='word_1_162' title='bbox 1283 2243 1367 2269; x_wconf 86' lang='lat' dir='ltr'>esse</span> 
     </span>
     <span class='ocr_line' id='line_1_26' title="bbox 208 2294 1366 2346; baseline -0.003 -13"><span class='ocrx_word' id='word_1_163' title='bbox 208 2295 427 2335; x_wconf 82' lang='lat' dir='ltr'>sententia:</span> <span class='ocrx_word' id='word_1_164' title='bbox 466 2299 493 2318; x_wconf 87' lang='lat'>“</span> <span class='ocrx_word' id='word_1_165' title='bbox 513 2294 732 2346; x_wconf 76' lang='lat' dir='ltr'>Expeditae</span> <span class='ocrx_word' id='word_1_166' title='bbox 751 2294 932 2332; x_wconf 76' lang='lat' dir='ltr'>cohortes</span> <span class='ocrx_word' id='word_1_167' title='bbox 959 2294 1206 2333; x_wconf 77' lang='lat' dir='ltr'>novissimum</span> <span class='ocrx_word' id='word_1_168' title='bbox 1226 2305 1366 2344; x_wconf 80' lang='lat' dir='ltr'>agmen</span> 
     </span>
    </p>

    <p class='ocr_par' dir='ltr' id='par_1_4' title="bbox 289 2355 829 2394">
     <span class='ocr_line' id='line_1_27' title="bbox 289 2355 829 2394; baseline -0.004 -1"><span class='ocrx_word' id='word_1_169' title='bbox 289 2356 399 2394; x_wconf 80' lang='lat' dir='ltr'>ToM.</span> <span class='ocrx_word' id='word_1_170' title='bbox 427 2355 458 2393; x_wconf 91' lang='grc' dir='ltr'>Ι.</span> <span class='ocrx_word' id='word_1_171' title='bbox 806 2367 829 2391; x_wconf 84' lang='lat' dir='ltr'>a</span> 
     </span>
    </p>
   </div>
  </div>
 </body>
</html>
