1556 2683
569 304 735 344 LIBER
780 304 832 341 ΙΙ.
1244 304 1294 340 49

143 400 295 463 ternpus
315 409 492 449 defuerit.
559 410 683 451 Quam
700 409 860 459 quisque
880 406 918 443 in
939 412 1085 456 partem
1107 405 1154 442 ab
1173 415 1292 454 opere

131 485 235 527 ⁴casu
256 471 424 516 devenit,
441 482 614 520 quaeque
635 470 757 520 prima
771 470 879 518 signa
895 467 1114 516 conspexit,
1135 465 1183 502 ad
1197 465 1295 501 haec

145 533 333 578 constitit,
367 544 415 569 ne
435 531 473 568 in
494 531 723 582 quaerendis
756 530 833 567 suis
853 527 1051 580 pugnandi
1069 534 1221 577 ternpus
1240 524 1296 561 di-

145 594 332 631 mitteret.

195 654 325 690 XXII.
380 653 576 691 Instructo
610 652 786 690 exercitu
818 651 953 702 magis,
980 658 1021 688 ut
1041 649 1116 688 loci
1142 655 1294 693 natura,

144 716 398 765 dejectusque
424 714 545 760 collis,
579 721 619 750 et
638 713 846 750 necessitas
865 712 1063 763 temporis,
1099 724 1227 762 quam,
1253 717 1296 747 ut

143 776 200 814 rei
221 776 392 813 militaris
411 775 508 812 ratio
528 782 643 825 atque
660 774 753 812 ordo
772 774 1005 825 postulabat,
1035 785 1152 823 quum
1172 772 1297 809 diver·-

145 838 195 875 sis
214 838 310 875 locis
329 837 515 886 legiones,
544 836 639 873 aliae
659 835 732 872 alia
751 836 788 872 in
808 844 930 886 parte,
950 834 1124 872 hostibus
1144 834 1297 871 resiste-

142 907 242 944 rent,
263 898 493 950 sepibusque
510 897 758 942 densissimis,
775 904 817 934 ut
833 904 922 934 ante
938 895 1297 941 demonstravimus,

144 959 359 1009 interjectis
378 965 606 1010 prospectus
625 958 899 1009 impediretur;
935 970 1061 1008 neque
1083 964 1190 994 certa
1208 957 1298 993 sub-

143 1019 239 1057 sidia
255 1020 450 1066 collocari,
467 1018 708 1069 neque,quid
724 1019 761 1055 in
777 1031 928 1070 quaque
944 1025 1053 1069 parte
1069 1031 1165 1068 opus
1180 1024 1298 1064 esset,

143 1080 349 1131 provideri,
383 1093 508 1130 neque
529 1080 575 1117 ab
597 1083 672 1116 uno
693 1080 820 1117 omnia
853 1079 1012 1130 imperia
1041 1077 1298 1116 administrari

144 1149 337 1192 poterant.
383 1141 535 1191 Itaque,
556 1140 594 1177 in
613 1147 721 1178 tanta
735 1152 861 1177 rerum
883 1139 1099 1190 iniquitate,
1118 1138 1298 1176 fortunae

144 1217 300 1253 quoque
320 1210 481 1241 eventus
500 1202 594 1239 varii
613 1203 885 1252 sequebantur.

194 1264 349 1301 XXIIL
403 1263 590 1314 Legionis
610 1276 748 1308 nonae,
769 1270 808 1300 et
828 1263 1000 1300 decimae
1020 1263 1176 1308 milites,
1196 1269 1239 1299 ut
1258 1262 1298 1299 in

143 1326 296 1363 sinistra
313 1333 423 1377 parte
443 1325 526 1362 acie
547 1324 813 1368 constiterant,
834 1324 920 1374 pilis
935 1324 1095 1369 emissis,
1117 1336 1232 1360 cursu
1251 1336 1298 1360 ac

140 1387 366 1424 lassitudine
387 1386 641 1431 exanimatos,
660 1385 961 1436 vulneribusque
982 1384 1197 1430 confectos,
1225 1385 1299 1421 At-

141 1449 293 1485 rebates
318 1448 426 1499 (nam
446 1447 504 1484 his
524 1459 570 1484 ea
589 1459 675 1498 pars
690 1446 923 1497 obvenerat)
949 1446 1127 1483 celeriter
1146 1457 1195 1482 ex
1209 1444 1302 1483 loco

142 1509 340 1559 superiore
361 1509 399 1545 in
418 1509 562 1546 flumen
582 1507 852 1558 compulerunt
869 1523 878 1550 ;
899 1514 952 1552 et,
972 1507 1134 1544 transire
1155 1519 1297 1544 conan-

141 1578 200 1607 tes
220 1569 384 1606 insecuti
404 1569 555 1619 gladiis,
569 1581 745 1619 magnam
760 1576 908 1619 partem
924 1581 1056 1605 eorum
1073 1566 1300 1618 impeditam

141 1631 431 1669 interfecerunt.
498 1630 577 1681 Ipsi
609 1630 771 1667 transire
805 1629 949 1666 flumen
981 1642 1059 1666 non
1097 1629 1297 1666 dubitave-

140 1700 254 1735 runt3
285 1699 338 1737 et,
359 1692 397 1728 in
417 1692 546 1730 locum‘
566 1691 738 1742 iniquum
759 1691 967 1741 progressi,
996 1703 1126 1728 rursus
1147 1690 1301 1740 regres-‘

140 1767 201 1791 sos
221 1766 266 1790 ac
287 1753 510 1790 resistentes
541 1752 686 1798 hostes,
707 1752 971 1802 redintegrato
989 1751 1149 1802 proelio,
1179 1751 1217 1787 in
1236 1750 1296 1789 fu-

139 1827 228 1864 gam
248 1813 451 1851 dederunt.
506 1813 606 1850 Item
635 1813 708 1850 alia
740 1813 778 1850 in
797 1821 906 1864 parte
927 1812 1099 1849 dlversae
1120 1812 1219 1849 duae
1239 1812 1295 1849 le-

139 1876 289 1925 giones,
310 1875 527 1921 undecima,
548 1882 587 1912 et
603 1884 753 1919 octava,
770 1873 982 1924 profligatis
998 1873 1301 1920 Veromanduis,

141 1937 369 1987 quibuscum
385 1943 496 1973 erant
511 1936 721 1986 congressi,
741 1948 791 1973 ex
811 1935 897 1972 loco
917 1935 1128 1985 superiore,
1145 1934 1182 1970 in
1203 1934 1294 1985 ipsis

140 1999 309 2036 fluminis
328 1999 420 2049 ripis
451 1998 751 2049 proeliabantur.
807 1998 875 2042 At,
902 1997 1032 2046 [tum]
1058 1996 1147 2033 totis
1170 1996 1250 2033 fere
1270 2009 1294 2034 a

138 2059 279 2105 fronte,
310 2066 348 2097 et
369 2060 416 2096 ab
437 2059 589 2096 sinistra
607 2067 730 2109 parte,
761 2058 915 2095 nudatis
935 2057 1089 2102 castris,
1116 2059 1233 2108 quum
1252 2057 1297 2094 in'

141 2121 281 2159 dextro
315 2133 436 2158 cornu
455 2121 557 2171 legio
577 2120 819 2165 duodecima,
853 2126 892 2156 et
922 2131 999 2156 non
1020 2131 1159 2169 magno
1178 2119 1225 2156 ab
1246 2131 1292 2156 ea

139 2181 339 2219 intervallo
352 2182 515 2233 septima
529 2182 780 2224 constitisset;
797 2184 930 2219 omnes
943 2179 1075 2217 Nervii
1092 2178 1291 2217 confertis-

138 2243 235 2280 simo
254 2243 422 2293 agmine,
455 2243 554 2281 duce
574 2243 846 2293 BoduognatO,
880 2241 945 2292 qui
964 2253 1150 2278 summam
1169 2240 1298 2290 impe-'

140 2303 184 2340 rii
199 2304 372 2350 tenebat,
392 2305 441 2342 ad
455 2317 541 2342 eum
554 2304 684 2344 locum
698 2303 1002 2342 contenderunt:
1022 2313 1185 2354 quorum
1203 2313 1290 2352 pars

218 2364 327 2402 Tou.
348 2364 379 2401 Ι.
744 2363 782 2401 G
