1556 2683
567 279 733 318 LIBER
785 280 898 318 VIII.
1230 286 1307 325 213

166 389 220 427 ut,
240 394 351 432 quam
372 382 571 420 celerrime
591 391 734 434 posset,
766 384 957 435 legionem
978 396 1072 431 xm,
1103 398 1200 436 quae
1215 400 1305 425 cum

165 442 210 480 T.
232 443 365 481 Sextio
386 444 513 494 legato
531 444 570 481 in
591 444 828 495 Biturigibus
847 445 1054 490 hiemabat,
1080 456 1306 495 arcesseret,

160 511 276 554 atque
310 504 362 542 ita
381 518 470 542 cum>
490 517 540 542 ιιι
561 505 776 555 legionibus
796 507 942 555 magnis
971 507 1170 545 itineribus
1194 509 1242 546 ad
1263 521 1305 547 se

159 565 334 603 veniret:
365 566 446 616 ipse
465 567 614 617 equites
634 568 671 604 in
693 567 813 606 vicem
845 568 1065 614 Remorum,
1093 581 1138 606 ac
1160 569 1305 620 Lingo-

158 639 264 671 num,
290 627 596 678 reliquarumque
617 628 826 673 civitatum,
846 641 1008 678 quorum
1028 642 1209 680 magnum
1231 644 1301 669 nu-

158 701 304 726 merum
336 696 577 733 evocaverat,
610 689 803 739 praesidio
837 690 1144 740 pabulationibus
1173 691 1304 740 mittit,

157 749 221 800 qui
241 749 387 788 subitas
408 749 576 786 hostium
595 750 832 788 incursiones
851 751 1096 789 sustinerent.

192 810 297 861 4X11.
352 809 465 852 Quod
481 823 598 859 quum
612 810 783 860 quotidie
799 810 924 856 fieret,
939 824 985 850 ac
1000 813 1077 862 jam
1093 821 1301 852 consuetu-

157 871 246 909 dine
279 871 479 921 diligentia
497 871 746 917 minueretur,
771 870 897 922 (quod
915 873 1141 924 plerumque
1159 876 1304 914 accidit

154 932 428 982 diuturnitate)
452 931 660 977 Bellovaci,
681 932 832 970 delecta
859 946 973 970 manu
989 935 1176 985 peditum,
1210 949 1303 987 cog-

153 994 243 1032 nitis
273 993 499 1031 stationibus
525 993 755 1044 quotidianis
783 993 955 1044 equitum
976 1003 1207 1042 nostrorum,
1238 998 1302 1034 sil-

152 1054 342 1092 vestribus
360 1054 456 1092 locis
476 1053 629 1091 insidias
655 1054 888 1104 ‹lisponunt;
917 1054 1131 1106 eodemque
1149 1057 1301 1107 equites

150 1122 306 1166 postero
326 1114 388 1152 die
407 1115 580 1160 mittunt,
600 1114 664 1165 qui
684 1114 847 1164 primum
868 1114 1053 1152 elicerent
1073 1123 1224 1154 nostros
1243 1117 1300 1154 in-

149 1168 268 1222 sidiis,
311 1175 450 1213 deinde
488 1175 769 1213 circumventos
803 1173 1121 1223 aggrederentur.
1178 1175 1299 1226 Cujus

147 1236 235 1274 mali
256 1249 337 1274 sors
357 1236 492 1274 incidit
514 1235 659 1279 Remis,
681 1234 820 1285 quibus
839 1234 903 1272 ille
918 1234 1000 1271 dies
1015 1235 1201 1284 fungendi
1218 1250 1301 1274 mu-

149 1297 250 1339 neris
277 1298 510 1335 obvenerat:
540 1308 704 1346 namque
724 1295 764 1341 ii,
796 1308 912 1346 quum
941 1303 1101 1346 repente
1129 1296 1297 1335 hostium

147 1359 298 1409 equites
311 1358 681 1403 animadvertissent,
701 1368 761 1402 ac,
777 1368 937 1393 numero
957 1356 1186 1406 superiores,
1205 1372 1300 1408 pau-

147 1420 304 1458 citatem
325 1419 633 1464 contemsissem,
655 1417 832 1468 cupidius
852 1416 1030 1463 insecuti,
1062 1431 1084 1454 a
1102 1419 1297 1468 peditibus

145 1478 317 1530 undique
336 1487 425 1517 sunt
445 1478 688 1517 circumdati.
739 1478 827 1519 Quo
856 1476 960 1515 facto
980 1479 1206 1528 perturbati,
1232 1493 1295 1518 cc-

144 1541 276 1587 lerius,
296 1554 410 1592 quam
427 1540 668 1579 consuetudo
688 1538 763 1576 fert
783 1539 971 1589 equestris
991 1540 1140 1590 proelii,
1173 1554 1214 1578 se
1233 1554 1293 1580 re-

145 1611 347 1654 ceperunt,
378 1602 516 1640 amisso
547 1601 739 1646 Vertich
772 1599 947 1651 principe
979 1600 1158 1647 civitatis,
1186 1616 1297 1653 prae-

143 1664 250 1703 fecto
270 1664 465 1715 equitum;
493 1663 558 1714 qui
590 1675 708 1713 quum
727 1660 793 1698 vix
813 1673 913 1711 equo
944 1668 1102 1712 propter
1129 1671 1296 1703 aetatem

145 1733 276 1775 posset
295 1725 364 1770 uti,
385 1732 528 1770 tamen,
548 1722 830 1761 consuetudine
851 1721 1064 1768 Gallorum,
1086 1736 1211 1774 neque
1230 1737 1294 1762 ae-

144 1787 234 1826 tatis
253 1786 504 1825 excusatione
525 1785 562 1822 in
576 1783 822 1834 suscipienda
837 1782 1082 1834 praefectura
1094 1798 1182 1823 usus
1197 1794 1294 1834 erat,

144 1860 271 1898 neque
291 1847 463 1884 dimicari
497 1846 579 1885 sine
598 1859 639 1884 se
659 1846 843 1884 voluerat.
898 1844 1085 1883 Inflantur
1101 1854 1219 1897 atque
1238 1848 1295 1885 in-

143 1909 311 1946 citantur
339 1908 509 1946 hostium
542 1907 658 1945 animi
678 1906 849 1945 secundo
868 1906 1030 1957 proelio,
1062 1907 1235 1959 principe
1254 1916 1294 1947 et

143 1970 342 2021 praefecto
364 1969 572 2007 Remorum
593 1968 799 2007 interfecto
817 1984 825 2011 ;
845 1968 1041 2019 nostrique
1061 1969 1293 2010 detrimento

144 2032 415 2076 admonentur,
437 2030 658 2081 diligentius
677 2029 887 2080 exploratis
906 2029 1000 2067 locis
1019 2031 1203 2069 stationes
1217 2031 1293 2072 dis-

141 2105 300 2144 ponere,
331 2104 376 2129 ac
397 2091 631 2129 moderatius
653 2092 855 2129 cedentem
878 2091 1025 2141 insequi
1043 2091 1207 2133 hostem,

196 2152 308 2190 XIII.
347 2153 435 2190 Non
449 2153 756 2191 intermittuntur
770 2152 922 2190 interim
938 2152 1162 2202 quotidiana
1181 2166 1291 2204 proe-

143 2216 195 2252 lia
226 2215 265 2252 in
285 2222 498 2265 conspectu
518 2221 766 2264 utrorumque
787 2222 1013 2259 castrorum,
1046 2227 1143 2264 quae
1159 2215 1208 2252 ad
1226 2228 1290 2252 va-

141 2276 192 2313 da
206 2276 463 2326 transitusque
481 2276 624 2314 fiebant
638 2274 799 2326 paludis.
827 2276 914 2317 Qua
926 2276 1176 2315 contentione
1191 2276 1290 2316 Ger-

141 2338 259 2385 mani,
291 2351 386 2390 quos
404 2346 611 2391 propterea
630 2338 772 2377 Caesar
797 2337 1071 2376 transduxerat
1092 2338 1287 2386 Rhenum,

1062 2488 1079 2507 1
