1556 2683
562 239 727 277 LIBER
781 239 853 276 111.
1239 240 1290 277 59

148 345 227 390 bat,
253 344 338 395 plus
356 342 470 381 tertia
488 351 596 394 parte
617 342 834 388 interfecta,
865 342 1033 393 reliquos
1065 339 1288 392 perterritos

146 406 184 443 in
212 406 342 456 fugam
362 405 587 454 conjiciunt,
606 417 651 442 ae
672 418 719 442 ne
738 404 775 441 in
795 404 888 441 locis
908 404 1061 454 quidem
1081 401 1286 452 superiori-

147 467 217 503 bus
241 466 449 504 consistere
461 466 670 515 patiuntur.
717 465 780 503 Sic
794 465 968 502 omnibus
983 464 1150 501 hostium
1170 463 1292 513 copiis

145 526 251 572 susis,
272 528 462 576 armisque
482 527 623 572 exutis,
639 539 679 564 se
695 527 731 564 in
747 533 871 563 castra
883 526 1192 576 munitionesque
1205 537 1290 562 suas

146 589 348 639 recipiunt.
402 589 490 630 Quo
510 588 658 638 proelio
674 589 792 633 1r'act0,
813 588 915 638 quod
929 587 1081 637 saepius
1097 587 1289 625 fortunam

146 656 295 686 tentare
315 649 442 686 Galba
462 649 630 695 nolebat,
651 656 767 700 atque
787 649 861 686 alio
874 661 914 685 se
935 649 973 686 in
987 649 1149 685 hiberna
1167 647 1291 686 consi-

145 710 197 748 lio
216 711 365 747 venisse
385 710 626 757 meminerat,
664 711 746 747 aliis
765 710 978 748 occurrisse
998 710 1112 747 rebus
1129 708 1291 753 viderat,

144 772 311 809 maxime
347 771 530 808 frumenti
567 779 879 822 commeatusque
917 771 1045 821 inopia
1080 777 1291 821 permotus,

144 840 298 883 postero
330 832 392 870 die
427 834 602 871 omnibus
635 835 717 883 ejus
735 832 809 870 vici
837 831 1020 870 aedificiis
1039 831 1216 875 incensis,
1253 831 1291 866 in

143 894 379 945 provinciam
412 895 552 931 reverti
571 894 793 937 contendit;
822 906 882 938 ac,
910 893 1015 930 nullo
1035 893 1145 929 hoste
1164 891 1293 941 prohi-

143 956 274 1001 bente,
311 962 379 992 aut
397 955 470 992 iter
503 956 740 999 demorante,
778 954 1009 991 ineolumem
1043 954 1234 1004 legionem
1254 953 1292 989 in

143 1015 372 1062 Nantuates,
407 1016 496 1052 inde
517 1016 555 1052 in
578 1015 821 1065 Allobrogas,
838 1014 1020 1065 perduxit
1037 1029 1045 1057 ;
1065 1014 1192 1064 ibique
1211 1014 1292 1050 hie-

143 1077 273 1115 mavit.
667 1078 669 1081 '

195 1137 286 1175 VII.
342 1137 416 1174 His
435 1138 550 1175 rebus
581 1137 714 1188 gestis,
748 1150 866 1188 quum
885 1137 1061 1175 omnibus
1081 1136 1129 1174 de
1149 1135 1292 1173 caussis

144 1199 286 1237 Caesar
305 1205 482 1250 pacatam
513 1198 678 1236 Galliam
708 1198 959 1243 existimaret,
996 1198 1184 1248 superatis
1204 1197 1292 1234 Bel-

144 1260 216 1310 gis,
236 1260 405 1310 expulsis
425 1259 643 1305 Germanis,
662 1259 774 1296 victis
793 1259 831 1296 in
852 1259 1017 1309 Alpibus
1036 1259 1216 1303 Sedunis,
1235 1266 1293 1296 at-

145 1334 219 1372 que
240 1321 306 1366 ita,
323 1320 417 1358 inita
430 1321 571 1366 hieme,
587 1321 625 1357 in
638 1320 834 1371 Illyricum
850 1319 1047 1370 profectus
1060 1327 1174 1365 esset,
1191 1319 1294 1369 quod

144 1394 209 1419 cas
229 1394 382 1432 quoque
415 1381 590 1419 nationes
619 1381 739 1426 adire,
778 1388 817 1419 et
845 1381 1022 1430 regiones
1043 1393 1294 1431 cognoscere,

143 1443 298 1480 volebat
315 1458 324 1485 ;
343 1443 511 1480 subitum
529 1442 672 1480 bellum
692 1442 731 1478 in
751 1441 880 1479 Gallia
898 1447 1074 1478 coortum
1094 1449 1164 1479 est.
1198 1441 1294 1492 Ejus

143 1503 235 1541 belli
254 1503 351 1541 haec
377 1503 450 1540 fuit
483 1515 629 1540 caussa.
682 1501 726 1539 P.
760 1502 919 1540 Crassus
948 1502 1174 1539 adolescens
1205 1514 1294 1539 cum

142 1563 296 1614 legione
318 1575 381 1600 vu
402 1564 599 1614 proximus
615 1575 719 1600 mare
748 1574 935 1600 oceanum
956 1562 994 1599 in
1015 1562 1193 1599 Andibus
1212 1562 1295 1599 hie-

142 1625 282 1662 mabat.
338 1624 390 1671 Is,
428 1625 533 1675 quod
565 1624 604 1660 in
634 1624 693 1661 his
722 1623 817 1661 locis
836 1623 964 1673 inopia
981 1622 1166 1661 frumenti
1198 1630 1294 1669 erat,

143 1687 360 1738 praefectos
380 1685 631 1736 tribunosque
646 1684 809 1722 militum
826 1685 1043 1735 complures
1059 1684 1097 1721 in
1113 1684 1293 1722 finitimas

144 1748 334 1793 civitates,
352 1746 536 1784 frumenti
556 1752 870 1795 commeatusque
889 1745 1045 1795 petendi
1066 1758 1213 1791 caussa,
1238 1746 1294 1783 di-

142 1810 256 1847 misit.
277 1821 354 1860 quo
383 1808 422 1845 in
447 1820 608 1845 numero
627 1814 710 1844 erat
742 1805 787 1843 T.
808 1806 1060 1852 Terrasidius,
1087 1807 1224 1844 missus
1256 1808 1295 1844 in

144 1870 309 1908 Esubios
327 1886 336 1914 ;
357 1869 415 1906 Μ.
436 1869 600 1906 Trebius
620 1868 769 1914 Gallu&
789 1868 828 1904 in
848 1867 1122 1912 Curiosolitas;
1150 1869 1198 1910 Q.
1220 1868 1294 1906 Ve-

143 1932 281 1978 lanius,
316 1945 403 1969 cum
424 1930 470 1967 T.
490 1929 597 1975 Silio,
625 1930 664 1967 in
684 1929 868 1967 Venetos.

198 1992 307 2029 VIII.
364 1992 493 2042 Hujus
519 1998 578 2028 est
592 1990 758 2028 civitatis
777 1990 891 2040 longe
911 1989 1143 2040 amplissima
1161 1997 1294 2029 aueto-

143 2054 235 2092 ritas
254 2054 376 2092 omnis
396 2066 486 2091 orae
505 2052 718 2090 maritimae
738 2051 938 2102 regionum
957 2064 1087 2089 earum
1104 2068 1113 2096 ;
1133 2052 1237 2103 quod
1255 2059 1295 2090 et

144 2127 260 2152 naves
279 2115 423 2152 habent
455 2113 597 2151 Veneti
615 2112 813 2164 plurimas,
841 2112 978 2162 quibus
998 2113 1036 2149 in
1056 2111 1294 2150 Britanniam

146 2175 327 2225 navigare
361 2175 611 2218 consuerunt,
637 2181 676 2211 et
707 2172 867 2210 scientia
897 2180 1013 2223 atque
1034 2186 1104 2210 usu
1122 2173 1295 2211 nautica-

145 2249 230 2273 rum
250 2249 376 2273 rerum
395 2236 562 2286 reliquos
580 2234 832 2280 antecedunt,
853 2241 905 2280 et,
933 2235 972 2271 in
987 2247 1128 2285 magno
1147 2235 1294 2285 impetu

145 2296 274 2344 maris,
301 2304 419 2349 atque
438 2303 586 2347 aperto,
605 2296 737 2347 paucis
757 2295 931 2347 portibus
950 2295 1177 2345 interjectis,
1197 2307 1292 2346 quos
